2742 4742
157 473 654 538 §CRIP'T‘ISQUE
705 433 1155 538 nuictartmxxt

129 625 199 710 Qui
212 637 327 692 autem
343 645 441 691 veros
456 623 676 713 philosophos
693 645 711 688 ι
736 623 821 689 dctis
836 635 872 688 et
889 613 1060 690 'simulatis
1079 624 1155 694 dis·-

52 753 179 797 cernere
196 729 394 810 decreverit,
411 726 605 814 exemplum
622 727 799 813 utriusque
809 728 860 795 rei
873 729 1156 812 perfectissimum

50 837 143 900 habet
164 836 199 898 in
213 831 561 916 Diatogisffmaua
584 849 734 910 suerro,
757 829 992 911 Praearoars,
1021 829 1155 896 Nr'oar-

51 959 124 1002 ros:
155 948 315 1022 qnantum
338 935 429 998 enim
452 933 590 996 virtutis
612 933 751 995 comites
769 928 926 997 landibu‘e
947 935 1090 1016 extulit,
1117 944 1156 1005 at

55 1038 274 1104 aemulatione
296 1047 492 1121 persecutns
513 1045 582 1113 est,
603 1044 735 1096 tantum
753 1036 917 1118 pessimas
932 1036 1009 1100 illas
1030 1050 1066 1106 et
1085 1059 1155 1103 ex-

49 1137 217 1206 secrandae
231 1159 313 1204 ares
328 1139 366 1202 in
389 1138 445 1203 hie
460 1133 601 1218 dialogis
620 1135 804 1224 insectatus
824 1146 895 1217 est,
917 1157 1024 1204 rauoe
1042 1150 1077 1202 et
1092 1144 1155 1206 fn-

50 1256 141 1308 catos
147 1263 205 1308 eos
220 1242 412 1320 clamitans,
429 1259 488 1326 qur
477 1239 587 1301 'laiso
602 1257 639 1302 ee
655 1237 982 1320 nominejactarent,
997 1235 1074 1308 curu
1085 1263 1155 1310 re·-

51 1367 114 1408 raru
136 1342 389 1434 philosophiam
408 1342 619 1422 ignorarent,
629 1359 685 1403 ,ιι
707 1341 808 1431 plane
830 1340 962 1406 direrea
982 1341 1154 1435 docerent,

49 1449 86 1508 ob
107 1443 270 1532 quaedam
294 1445 433 1508 verbula
454 1441 588 1506 virtutis
604 1443 742 1508 nomiae
756 1432 889 1510 intexta
908 1467 978 1509 nou
993 1449 1154 1514 continuo

47 1552 80 1612 in
96 1549 295 1614 Heliconem
309 1546 463 1624 veniam
477 1564 540 1608 noc
552 1542 661 1608 aulum
678 1544 765 1608 circa
776 1565 831 1608 res
846 1547 1011 1612 humanae
1023 1550 1155 1614 incerta
1193 1633 1198 1648 ⁸

49 1672 83 1714 ac
104 1649 364 1722 multationem,
386 1643 447 1711 sad
463 1658 498 1712 et
519 1643 561 1709 de
574 1644 718 1726 mundo,
743 1644 786 1710 de
800 1645 891 1727 Deo,
914 1647 956 1714 de
976 1649 1154 1734 sideribus,

50 1751 87 1815 de
108 1747 323 1839 providenpia
348 1747 483 1828 divina,-
510 1749 617 1823 falae,
645 1749 806 1824 ementita
829 1761 873 1837 ,et
894 1753 999 1838 impia
1015 1758 1154 1833 jactare,

52 1877 128 1940 quae
146 1874 257 1940 neque
273 1850 423 1916 viderint
437 1851 520 1936 ipsi,
543 1871 605 1914 nec
626 1848 764 1919 aliunde
780 1855 1009 1931 cognoverint.
1052 1854 1154 1936 'Quae

51 1960 153 2020 omnis
175 1943 356 2038 diligenter
376 1953 574 2044 exsequitur
595 1951 750 2014 sublimis
773 1953 833 2014 ille
855 1949 1152 2031 Icaaoneurrrus.
1233 2022 1237 2027 ,

49 2055 149 2121 Veros
163 2057 395 2144 philosophos,
418 2056 551 2144 qualem
568 2051 738 2136 Nigrinum,
760 2053 974 2118 Doaonoctem
990 2071 1024 2122 et
1040 2053 1154 2122 Grn-

56 2181 118 2222 cura
133 2162 474 2245 exhibet,·nusqtram
491 2157 631 2222 scientia
648 2157 834 2238 tumuisse',
847 2156 1004 2222 'Socratis
1028 2176 1153 2252 exem-

50 2263 105 2349 plo
119 2285 152 2326 ae
164 2263 250 2327 nihil
266 2263 353 2326 acire
368 2253 554 2348 professos,
578 2279 651 2324 cum
666 2259 856 2344 imperitiae
871 2263 1038 2348 professio
1053 2281 1153 2327 sum·
1238 2255 1244 2278 ¹
1307 2321 1313 2339 ,

47 2383 96 2426 ma
110 2365 287 2450 prodentia
303 2365 357 2432 rit.
404 2359 525 2426 Simiae
543 2382 627 2425 roro
642 2373 675 2425 et
691 2365 811 2428 mimos
828 2384 906 2464 suos
929 2366 971 2427 ob
987 2363 1152 2452 quaedam
1170 2428 1173 2437 ,

47 2479 182 2532 ventosa
197 2479 231 2531 et
247 2447 386 2528 obseura
403 2477 615 2547 argumenta,
642 2478 677 2529 et
691 2468 792 2529 salsae
804 2454 916 2531 rerum
937 2463 1154 2532 definitiones
1202 2521 1205 2524 .

47 2567 87 2631 ita
102 2571 196 2638 lerre
210 2569 426 2656 supercilium
443 2581 479 2632 et
493 2569 599 2633 elatos
611 2562 786 2649 incedere,
810 2579 849 2686 ut
867 2570 929 2634 rix
949 2569 1153 2632 salutatione

46 2692 242 2759 quemqnam
264 2663 497 2754 dignarentur.

122 2875 238 2946 Veros
262 2876 482 2964 philosophos
511 2869 682 2958 emipiiiae
704 2878 894 2960 syntotm
913 2895 1046 2949 somma
1065 2893 1154 2940 can*

44 2999 199 3045 servasse
215 2977 408 3062 diligentia,
430 2991 469 3041 ut
481 2971 601 3068 p'robat
614 2982 749 3046 eximiis
763 2978 882 3047 decom
895 2981 1061 3067 exemplis
1076 2978 1154 3044 to

42 3101 145 3148 xrara
164 3077 416 3187 siveAmicitiu.
464 3125 468 3135 ·
523 3127 527 3134 -

120 3288 265 3358 Nullum
284 3311 358 3355 esee
375 3292 521 3386 pretium
544 3311 686 3380 operas,
708 3313 739 3358 at
727 3290 865 3356 verbis
889 3291 1052 3359 virtutem
1073 3294 1157 3360 latr-

42 3391 180 3468 temus,
206 3392 399 3484 disciplinas
420 3416 537 3465 omnes
557 3392 803 3502 perdiscamus,
825 3416 943 3464 omnes
963 3408 1053 3462 ortes
1071 3369 1158 3462 iae.-

38 3498 162 3562 erimus
179 3494 312 3584 adepti,
336 3497 404 3566 nist
393 3499 533 3562 ''simnl
541 3493 634 3562 ritae
649 3499 864 3576 societatem,
886 3518 956 3582 qua
966 3488 1072 3565 nihil·
1069 3518 1157 3564 ·rne-
1210 3537 1214 3548 ·

38 3600 99 3664 lios
112 3599 200 3664 Divi
221 3600 370 3664 humano
392 3601 508 3682 generi
529 3598 710 3687 quidquam
730 3602 842 3683 largiti
863 3610 959 3680 sunt,
990 3589 1157 3686 profitea-

38 3719 119 3765 mur.
178 3699 278 3782 Quae
301 3701 415 3766 omnia
437 3700 617 3788 diligenter
641 3705 679 3768 in
702 3699 939 3781 Larianus,
926 3723 963 3766 m
985 3699 1155 3766 Enrucno
1216 3692 1222 3700 ’

40 3815 71 3864 et
86 3825 129 3866 ne
147 3801 276 3868 Sacris
302 3797 478 3890 amplexos
493 3815 555 3868 ast.
607 3801 753 3870 Virtutis
776 3800 966 3870 adsessores
987 3801 1155 3878 modestia

37 3918 68 3967 et
84 3906 283 3986 frugalitate
296 3906 587 3986 censel1,nrltrlon
604 3909 719 3988 vitam,
735 3907 866 3972 nihilin
878 3927 989 3973 meree
1006 3928 1155 3992 peccora

33 4007 60 4069 F
64 4011 150 4072 laton
165 4007 246 4070 illos
260 4019 295 4070 et
310 4005 458 4071 tumidos
471 4009 614 4082 torrenti
634 4011 818 4076 ambitione
832 4031 1005 4094 venaeque
1028 4009 1154 4091 gloriae
1222 4012 1238 4107 ἰ

31 4109 189 4196 adpetitu
205 4109 374 4193 torqueri,
395 4109 433 4171 in
446 4127 612 4176 summam
636 4113 774 4183 iuterim
796 4113 1022 4176 temeritatem
1046 4125 1081 4178 et
1094 4112 1156 4174 in-

32 4214 174 4280 famiam
188 4211 419 4300 praecipitari,
440 4208 556 4276 nihil
540 4205 749 4280 mtentitnin
768 4211 976 4300 relinquere,
999 4234 1062 4278 neo
1088 4212 1154 4278 sibi

1232 3284 1237 3321 l
