2742 4742
336 1338 848 1474 Luctauus
967 1343 970 1348 ·
1090 1347 1097 1356 ·

214 1693 359 1764 auat
413 1693 761 1794 suanacas
817 1692 978 1769 su‘ts

35 1997 332 2092 auwv‘luu
376 1971 722 2100 aumutouunt
766 2023 1148 2102 comsummata

435 2193 777 2272 uolonum·
904 2171 914 2183 ’

33 2595 110 2712 Ad
126 2649 363 2746 illuntramlam
376 2651 537 2718 ccclesiae
553 2649 763 2719 Christianae
785 2653 962 2719 historiam
982 2676 1066 2741 quae
1083 2679 1153 2721 nu-

27 2771 101 2836 per
123 2741 249 2835 scripta
264 2755 301 2814 in
319 2751 657 2842 lampadarum,
680 2757 814 2820 temetsi
826 2742 993 2844 pleraque
1016 2759 1153 2823 illorum

27 2853 95 2916 vel
118 2857 163 2917 ab
178 2855 371 2935 'argumenti
385 2859 479 2944 copia
501 2869 536 2922 et
558 2859 712 2922 ubertate
731 2861 790 2922 vel
806 2879 827 2920 a
846 2855 1013 2922 tractandi
1031 2871 1103 2922 arte
1119 2872 1156 2923 et

30 2957 200 3022 sollertia
218 2957 352 3022 leudem
375 2960 581 3039 hahuerunt,
604 2961 737 3024 nullum
754 2972 872 3024 tumen
890 2959 928 3022 in
948 2960 991 3024 iia
1011 2961 1156 3042 exstitit,

28 3059 136 3146 quod
154 3080 267 3125 rerum
286 3062 436 3126 novitate
456 3073 631 3148 tantopere
654 3073 881 3127 commoveret
897 3061 1007 3125 studia
1025 3081 1157 3149 aequa-

7 3163 151 3248 lium,
181 3163 377 3249 animosque
397 3165 435 3228 in
458 3175 528 3228 tam
556 3163 706 3230 diversae
726 3177 839 3252 partes
856 3166 1025 3243 traheret,
1054 3186 1157 3251 quam
1257 3189 1263 3202 ’

30 3263 136 3350 quoti
153 3265 283 3348 Agupae
296 3267 431 3330 nomine
445 3266 653 3352 inscriptum,
662 3267 796 3350 insigna
811 3265 1011 3332 eruditionis
1024 3279 1060 3329 et
1073 3289 1160 3329 acu-

29 3368 152 3430 minis
170 3381 427 3433 monumentum
445 3367 553 3434 edidit
574 3372 701 3452 collega
724 3371 945 3449 clarissimus,
967 3368 1156 3434 Aucusnoe

28 3467 272 3535 sznnnws.
323 3468 400 3552 Quo
421 3473 507 3537 libro
530 3485 642 3536 utrum
662 3473 882 3560 principalem
903 3490 1051 3536 causeam
1065 3469 1161 3532 obti-

31 3571 163 3634 nuerit
181 3591 226 3635 an
246 3575 413 3653 amiserit,
439 3577 478 3639 iu
499 3577 561 3640 hau
581 3575 750 3642 scribendi
773 3564 936 3645 brevitate
960 3593 1028 3634 nou
1051 3570 1160 3632 ausim

29 3675 210 3738 univerae
224 3677 457 3760 pronuntiare,
479 3667 678 3764 quamquam
693 3699 801 3764 nuper
819 3674 929 3742 exorti
943 3675 1161 3758 cumplures,

32 3779 99 3862 qui
118 3771 321 3844 dumna'oent
335 3800 444 3846 novae
457 3778 625 3866 opinionis
643 3771 831 3860 andaciam,
849 3777 949 3865 quam
963 3778 1022 3863 qui
1036 3775 1161 3839 deien-
1237 3837 1242 3862 Ι

31 3877 188 3949 alerent:
209 3899 320 3965 neque
339 3903 424 3968 opus
445 3881 581 3946 videtur
601 3883 804 3947 sententiam
828 3883 918 3944 ferre
936 3891 1014 3967 post
1035 3899 1163 3941 censu·-
1253 3925 1256 3940 .

29 4001 113 4046 ram
130 3981 335 4077 'diligentem
349 3997 384 4047 et
396 3993 599 4062 accuratam,
628 4003 694 4070 qua
705 3983 760 4046 vir
774 3985 811 4046 in
824 3985 887 4045 hoc
908 3984 1082 4046 literarum
1098 4001 1164 4061 ge·
1267 3985 1271 4003 ¹

28 4105 127 4150 nere
139 4085 317 4171 princeps,
338 4081 496 4172 idemque
511 4083 636 4148 saeculi
651 4104 720 4147 non
737 4087 904 4170 minorem
925 4105 1024 4167 quam
1040 4093 1163 4144 aucto*

25 4194 78 4255 rie
106 4189 291 4256 rationem
308 4184 452 4270 ducena,
476 4183 518 4249 tle
536 4183 615 4252 libri
633 4183 748 4249 indole
769 4197 805 4248 et
826 4187 1011 4250 virtutibus
1026 4188 1074 4248 itu
1095 4203 1164 4244 ex-
