2742 4742
183 415 676 474 scurcursooe
728 408 1046 472 nocra'nr.
1104 421 1173 481 Ιιιι

49 569 153 646 enim
171 568 278 648 facile
289 555 440 632 animum
460 561 670 644 induxerim,
691 577 730 632 ut
744 565 877 633 credam
896 565 1088 641 Pantheum
1105 589 1174 632 uo-
1269 617 1272 623 .

49 685 166 736 stram
189 691 264 736 enm
285 670 504 732 concubinum
526 668 633 751 iubae
649 667 752 744 Murci
772 667 924 750 Aurelii,
946 666 1120 753 (Capitoline
1140 674 1174 732 in
1315 733 1319 742 ,

50 777 177 840 Murco
190 775 342 838 Adonin.
357 765 471 833 Piliae.
486 769 660 856 eubflnem)
681 792 781 859 quam
794 773 854 838 ille
866 772 933 836 eibi
947 770 1174 858 postFeusii-
1210 816 1216 824 ·

49 899 118 942 nne
142 889 294 942 mortem
313 871 472 951 adscivit,
504 873 726 960 procuratoris
748 873 865 938 uxoris
883 892 965 938 sure
984 874 1107 950 liliam,
1129 895 1175 937 ns

49 993 104 1044 tot
116 979 241 1044 liberis
256 995 435 1042 novercam
448 971 697 1058 superduceret.
719 973 762 1040 Ei
772 989 889 1042 temen
900 979 1088 1049 sententiae
1097 981 1176 1050 ior·

48 1097 86 1148 te
104 1087 231 1148 favere
245 1077 564 1163 videbuntur-supra
577 1090 761 1142 memorata
771 1081 876 1144 verba
889 1077 1035 1158 Lucinni,
1056 1080 1174 1164 inqui·

50 1191 117 1251 hus
138 1183 388 1270 Imperatorem
403 1178 779 1249 Pentheae‘murituma
794 1183 947 1246 bonitate
963 1193 998 1243 et
1011 1201 1176 1246 menene-

48 1288 321 1354 tudinemorum
335 1279 562 1347 commendat:
584 1301 669 1366 quee
685 1279 780 1346 dotes
795 1296 833 1349 ut
841 1281 1085 1350 h'ierciAnrelii
1099 1304 1175 1368 pro·

48 1395 152 1480 priee
170 1398 260 1466 eunt,
283 1385 329 1446 ita
346 1386 388 1448 eh
402 1383 454 1462 iis,
470 1403 555 1468 quae
571 1380 612 1474 de
632 1369 947 1474 Cassio'scriptores
969 1384 1099 1470 antiqui
1118 1405 1174 1448 re-

51 1498 228 1570 tulerunt,
254 1484 617 1566 abhorrere-videntur.
651 1483 792 1566 „Verum
811 1488 888 1573 quis
906 1487 1024 1565 nescit,
1045 1487 1176 1552 imma-

52 1618 119 1664 nes
136 1595 245 1660 etiam
254 1587 809 1682 tyrannosenumeretioneearum
821 1590 987 1654 virtutum
1003 1585 1174 1652 interdum

52 1691 300 1771 commendari,
320 1712 339 1754 e
358 1689 478 1776 quibus
491 1709 660 1754 commum
649 1692 848 1754 'hominum
860 1709 960 1760 sensu
974 1691 1174 1762 alienissimi

51 1795 277 1886 judicantur?
297 1794 347 1859 Ar
363 1793 428 1856 elia
442 1797 532 1872 suut,
553 1812 640 1878 quae
655 1789 853 1877 impediunt,
872 1813 938 1877 quo
951 1798 1065 1860 minua
1079 1793 1174 1858 Pan-

54 1909 164 1972 theae
185 1900 342 1980 numius,
370 1893 475 1960 Murci
500 1893 719 1958 concubinam
739 1895 885 1976 intelligi
902 1908 1031 1982 putem
1074 1873 1175 1959 liaud

55 2021 155 2096 puto,
175 2005 275 2078 uixit
280 2002 318 2064 in
331 2007 425 2064 tanta
439 2015 549 2061 rerum
573 1985 758 2062 adfluentia
770 1997 953 2062 concubine
968 1997 1174 2064 modestissi

61 2134 113 2176 ιιιι
99 2101 362 2193 Imperatoris,
383 2119 492 2186 neque
504 2097 542 2162 in
556 2119 633 2165 eam
648 2094 829 2163 convenire
843 2096 987 2162 dixerim
1004 2112 1038 2162 et
1050 2099 1176 2164 Eunu-

65 2214 148 2276 choe
161 2220 194 2272 et
208 2205 346 2282 milites,
369 2221 452 2290 quoe
468 2222 504 2268 se
520 2203 558 2266 in
571 2199 743 2265 Pentheee
764 2203 922 2265 comitatu
946 2201 1103 2264 Lucienus
1125 2207 1171 2285 (p.
1272 2195 1276 2210 “

59 2325 94 2386 7
112 2325 152 2378 et
165 2317 216 2380 24
231 2309 305 2376 αἱ.
323 2303 455 2392 Imagg)
477 2288 604 2370 vidisse
630 2315 885 2385 commemorat3
908 2315 1087 2374 ottoceem
1101 2295 1174 2368 lan·
1229 2346 1233 2355 ,

58 2413 202 2484 dutam'
191 2434 228 2476 m
244 2431 285 2476 ee
298 2430 430 2476 morum
442 2409 481 2472 in
496 2427 626 2472 summu
645 2427 759 2471 rerum
777 2352 1000 2492 amplitudine
1021 2405 1174 2470 modera-

56 2523 213 2586 tionem:
242 2531 326 2602 qune
353 2530 433 2574 sane
453 2509 592 2575 omnia
580 2531 619 2572 ιιι
632 2527 708 2573 eam
722 2510 899 2574 mulierem
916 2505 1032 2572 cudere
1046 2507 1190 2595 riden-¹

57 2637 130 2701 tur,
139 2635 227 2705 quae
239 2613 390 2696 legitimo
408 2611 674 2676 connubiorum'
663 2631 738 2690 Jure
754 2608 896 2674 deducta
909 2621 999 2678 esea
1012 2609 1048 2672 in
1061 2622 1175 2675 torum

56 2726 168 2802 illiue,
191 2718 287 2806 qui
263 2729 322 2780 eut
336 2713 523 2800 Imperator
538 2715 648 2794 foret,
672 2723 730 2776 eut
742 2709 993 2830 imperatorium
1007 2715 1073 2780 eibi
1094 2713 1175 2800 dig-

55 2831 209 2894 nitatem
222 2797 393 2884 vindicare
408 2813 656 2900 adgrederetur.

150 3028 300 3109 Longior
321 3023 372 3088 ini
394 3041 495 3111 quem
518 3033 672 3110 poteram
691 3021 730 3085 in
751 3022 867 3105 exigui
878 3017 1044 3086 momenti
1062 3021 1172 3086 rebus.
1229 3009 1232 3019 ’

57 3137 176 3204 linito
188 3134 286 3218 plum
302 3139 337 3192 et
350 3129 438 3192 forte
451 3128 594 3192 meliora
608 3133 788 3211 supersunt
800 3123 1018 3188 commodiori
1032 3124 1176 3188 occasio·
1202 3109 1205 3114 ’

60 3261 110 3310 ne
132 3231 283 3302 dicenda.
308 3250 312 3258 ·
333 3227 510 3294 Luniensem
530 3241 647 3294 tamen
669 3226 840 3292 dimittere
868 3225 999 3290 enimus
1022 3248 1092 3290 non
1112 3221 1175 3306 es't,

62 3351 247 3425 antequem
263 3355 347 3413 rem,
370 3335 407 3396 ni
423 3333 532 3408 fallor,
546 3330 620 3396 eli'u
634 3329 797 3396 indictum
812 3327 854 3393 de
867 3326 1065 3394 Alexandro
1073 3327 1176 3394 Pseu·
1195 3373 1199 3379 -

62 3441 110 3508 do
121 3439 320 3528 -l‘rophets
335 3433 652 3500 Abonotichitarum
666 3431 826 3514 adtigero.
868 3429 1096 3518 Prolatusunt
1106 3433 1176 3510 jam

63 3545 151 3610 olim
163 3545 201 3608 in
214 3539 398 3606 mediume
417 3538 502 3604 uiris
519 3535 772 3600 doctissimieea
788 3534 1001 3614 numismate,
1022 3555 1106 3621 quae
1121 3553 1176 3598 ec-
1195 3577 1202 3610 ι

63 3659 174 3710 tutem
193 3645 362 3722 tulerunt,
383 3641 421 3703 in
438 3639 558 3726 quihus
573 3637 745 3702 redivivus
760 3639 820 3702 ille
831 3636 1084 3722 Paphlagonum
1097 3635 1176 3698 Ae-

63 3749 233 3835 sculspiue
249 3741 390 3827 Glycon,
413 3741 455 3808 ed
470 3763 545 3808 eum
558 3745 660 3831 plane
671 3745 814 3804 formam
828 3752 966 3804 exactus
983 3751 1053 3817 est,
1076 3760 1176 3824 quam

64 3848 251 3917 Lucionur'
240 3869 279 3917 ιιι
291 3845 531 3913 Pseudomunti
546 3843 731 3929 descripsit.
774 3841 825 3905 At
844 3861 944 3905 nemo
958 3837 1178 3904 animaduer-

62 3956 128 4034 tit,
150 3973 226 4016 eam
240 3949 411 4031 fraudem,
434 3969 529 4036 queo,
552 3945 695 4010 Lucieno
711 3956 884 4025 uertente,
886 3923 1019 4007 Marco
1033 3939 1177 4005 Aurelio

33 4085 42 4094 ·
62 4058 154 4118 secte
169 4065 221 4118 eet
233 4055 270 4118 in
286 4052 465 4119 Germania
480 4061 594 4116 contra
609 4050 839 4116 Marcomanos
853 4060 889 4111 et
898 4040 1035 4129 Quados
1048 4043 1176 4107 bellum

62 4155 220 4236 gerenti,
249 4156 287 4220 in
299 4159 454 4222 columna
468 4153 702 4225 Antoniniana
715 4149 872 4216 sdcuratc
888 4147 1055 4241 depictum
1072 4144 1178 4208 exhi-
