2742 4742
147 356 153 369 ’
207 367 1172 475 annm-ro‘ennnsnsrnzrrv

206 553 323 639 praelo
344 558 476 635 paratas
497 543 706 631 reliquisset,
731 546 792 608 ael
807 544 874 609 hoc
892 542 1042 609 nornine
1055 540 1203 625 egregie
1220 567 1319 611 com-

206 643 435 717 mendabilem
455 650 602 715 futuram
621 646 797 709 cernebam
814 643 1020 727 editionem,
1049 648 1080 709 si
1099 646 1181 708 solia
1196 644 1322 711 lteram

86 768 88 775 ’
204 749 357 831 morum,
374 747 496 813 Generi
506 772 545 815 ac
562 746 679 831 aba,
692 744 938 820 accessionibus
951 744 1092 815 ditem
1109 737 1313 813 minere&

140 953 144 985 ⁵
161 936 164 944 ’
287 939 595 1034 Ηίεόοιιείᾱοηίῑὶε,
617 962 729 1019 cetera
741 951 838 1037 coepi
853 950 1081 1037 pervestigans
1094 948 1314 1033 adminicula,t

123 1074 125 1077 ·
207 1056 395 1146 quaemihi
411 1056 613 1121 αῡαεοὴο
634 1052 911 1132 Wetstenio‚
933 1053 1316 1137 ejusqneeooioacire-

202 1172 347 1246 treper
378 1157 586 1223 adfinitatem
607 1160 740 1238 juncto,
768 1153 989 1219 Gulielmo
1017 1151 1165 1223 Sntth
1194 1153 1312 1219 made-

203 1263 342 1340 bnntnr,
354 1258 471 1323 medio
485 1263 558 1323 iere
574 1256 662 1321 anno
679 1266 772 1326 1737.
790 1256 1024 1342 comperique,
1042 1257 1125 1323 setis
1135 1276 1313 1343 superesse

201 1362 377 1428 molestiae
393 1362 431 1425 in
446 1361 489 1423 iis
502 1362 540 1423 in
552 1354 707 1425 ordinem
720 1357 913 1440 redigendis
931 1378 970 1420 ac
983 1354 1228 1437 describendis,
1249 1376 1313 1419 nec

201 1464 275 1527 lieri
290 1482 401 1549 posse,
414 1475 451 1524 ut
464 1464 539 1525 sine
556 1463 626 1525 ulla
639 1458 753 1526 addite
765 1458 1057 1527 animadversione
1070 1472 1129 1525 aut
1143 1482 1312 1525 commen-

202 1564 339 1631 tatione
349 1565 393 1627 iis
407 1550 529 1627 uterer·
569 1560 646 1627 Non
662 1576 775 1627 tannen
786 1581 841 1625 me
856 1559 1020 1646 deterruit
1036 1553 1132 1627 labor
1144 1563 1313 1646 ille,.quo

199 1686 256 1731 rna
273 1686 315 1731 eo
330 1666 471 1730 celerius
496 1664 634 1745 defungi
647 1682 747 1749 posse
769 1661 995 1741 confidebam,
1015 1662 1108 1750 'quod
1126 1665 1165 1728 in
1187 1664 1313 1744 lagen-

199 1764 252 1832 dis
264 1764 401 1831 anicni
423 1765 555 1851 scriptis
579 1784 648 1827 non
667 1763 769 1859 pinne
790 1765 915 1849 hespec
936 1786 1047 1847 eram,
1068 1778 1111 1831 nt
1127 1763 1310 1831 ercrebris

111 1894 115 1917 ¹
199 1866 350 1948 ejusdem
364 1862 447 1931 locis
455 1914 464 1945 ,
477 1882 559 1951 qnos
573 1866 612 1927 in
626 1867 716 1931 notis
728 1888 749 1930 a
762 1888 818 1930 me
833 1864 994 1937 adductos
1011 1880 1049 1931 et
1058 1870 1150 1933 inter
1161 1888 1199 1954 ae
1213 1888 1310 1932 corn-

197 1982 332 2056 paratos
345 1964 475 2035 videbis
488 2012 498 2047 ,
509 2030 511 2035 ,
521 1968 659 2052 patebit.
703 1967 933 2051 Satiusigitur
955 1968 1041 2042 duxi
1055 1968 1241 2033 editionem
1253 1988 1307 2045 ea,

199 2092 299 2153 qnam
311 2083 444 2155 tempus
459 2068 692 2155 permittebat,
714 2067 888 2150 diligentie
901 2090 1118 2155 promovere,
1140 2092 1243 2156 qnam
1255 2068 1308 2133 ni-

197 2174 266 2236 mie
280 2170 496 2239 solicitudine
517 2171 647 2253 singula
658 2170 910 2255 pervestigandi
930 2170 1057 2237 diutim
1075 2191 1240 2257 premere.

280 2372 326 2439 Et
339 2370 612 2465 quamvislector
628 2343 818 2439 nonsaleet
833 2394 961 2457 rogare,
983 2396 1103 2462 qnam
1123 2375 1226 2455 cito,
1241 2372 1306 2441 sed

195 2472 324 2563 qnam
344 2474 477 2540 bene?
500 2477 726 2569 necessarirpm
745 2490 861 2542 tannen
882 2478 1014 2549 bicest
1032 2497 1306 2557 commemorare,

193 2599 295 2664 quern
313 2593 442 2665 parurn·
455 2577 616 2663 temporis
644 2576 788 2641 adhaec
808 2578 1061 2665 deproperanda
1086 2583 1174 2645 mihi
1198 2580 1308 2645 inerit

191 2698 404 2758 concessnm3
427 2676 510 2742 adeo
526 2691 565 2741 nt
580 2676 751 2741 interdurn
765 2700 810 2742 ue
828 2682 975 2766 spatium
986 2681 1124 2767 quidem
1143 2703 1306 2769 separese

190 2792 244 2843 set
267 2779 309 2846 ad
333 2778 534 2855 excutienda
558 2793 717 2865 excerpta
734 2802 812 2843 mea
825 2783 992 2864 literaria,
1013 2804 1059 2848 ex
1077 2782 1304 2871 quibusalio-

190 2904 267 2947 rum
280 2894 455 2949 auctorum
466 2884 661 2951 testimonia
674 2879 717 2945 ad
732 2884 974 2949 confirmandas
986 2889 1163 2952 nonnullae
1178 2908 1306 2955 emen·-

105 3044 109 3053 ,
189 2981 344 3047 dationes
358 2985 517 3049 facientia
533 2982 717 3069 producere
731 2985 932 3069 potuissem3
954 2986 1031 3051 dato
1047 2968 1141 3055 enim
1151 3000 1304 3056 aex-ten·

187 3083 262 3150 tunt
283 3084 566 3151 hebdomadarum
580 3082 622 3149 ed
642 3086 769 3170 aliquot
782 3088 932 3171 plagulae
953 3091 1068 3173 praelo
1086 3109 1302 3175 praeparen-

188 3186 396 3275 deceptatio,
419 3209 555 3275 operam
580 3186 704 3254 deinde
724 3188 915 3274 bibliopolis
934 3188 1050 3272 addixi
1073 3212 1114 3255 ea
1132 3191 1228 3272 lege,
1254 3204 1299 3257 ut

183 3288 277 3355 baud
288 3288 659 3375 interruptoecribendi
674 3292 787 3356 labore
808 3302 941 3356 tentum
953 3291 1103 3379 qnotidie
1115 3295 1214 3379 pensi
1229 3298 1299 3358 ab-

185 3394 366 3481 solverent,
373 3404 533 3479 quantum
547 3390 638 3456 hand
647 3390 792 3477 impiger
806 3398 984 3479 typotheta
999 3394 1299 3484 continuataope-

181 3514 221 3561 re
233 3495 327 3579 typis
345 3491 534 3561 describere
550 3495 700 3574 valeret,
721 3492 759 3557 id
781 3493 871 3579 quod
889 3495 1049 3577 fideliter,
1072 3495 1296 3582 quantumin

138 3616 141 3622 ’
159 3620 163 3633 ’
180 3617 238 3661 me
255 3584 336 3676 luit,
357 3598 528 3685 praestiti,
551 3608 651 3680 atque
665 3596 714 3660 ita
732 3599 880 3682 quinque
899 3620 1064 3663 annornm
1082 3598 1191 3684 spatio
1204 3620 1295 3684 opus

179 3696 349 3765 adfinem
370 3699 522 3785 perduxi.
567 3695 691 3761 Omnia
712 3700 804 3763 enim
826 3698 870 3762 ad
885 3698 1017 3763 Lacioni
1037 3721 1156 3786 corpus
1177 3701 1297 3787 perti-

178 3802 296 3863 nentia
309 3802 400 3888 typis
419 3804 491 3882 jans
506 3799 779 3885 descripteiuere
797 3820 914 3866 mense
927 3799 1066 3867 Octobri
1084 3783 1200 3885 174223
1221 3802 1288 3869 sed

43 3902 54 3963 ,’
177 3898 312 3967 Indices
327 3904 532 3989 compluresj,
549 3902 667 3986 quibus
682 3904 811 3988 priores
828 3902 902 3968 edd.
918 3906 1089 3981 carebant,
1107 3898 1292 3998 adjiciendi

178 4021 303 4069 novam
321 4006 467 4087 injecere
485 4004 680 4091 properanti
693 4025 849 4087 moretm,
861 4016 962 4091 atque
981 4006 1144 4089 effecere,
1164 4013 1292 4074 utnon

174 4102 271 4189 prius
284 4106 446 4189 publicari
459 4104 642 4197 potuerint.
712 4162 716 4166 .
802 4133 812 4151 κ
