2742 4742
258 437 318 488 xl!
600 425 1034 484 PRAEIATNIO.

253 591 547 700 posteriores‘que
565 581 723 670 editores
736 592 885 694 plurimi
894 567 1097 687 servarunt,
1122 593 1258 695 pariter
1273 620 1345 672 cen·

62 721 66 732 ·
154 761 160 773 .
252 701 377 777 sebam
392 697 610 794 habendam,
637 723 678 774 ac
694 718 855 773 veterem
868 695 1044 792 amicum,
1069 723 1181 798 quem
1195 720 1236 773 ut
1250 725 1345 773 nemo

164 885 190 906 ,ι
252 832 364 882 senus
389 806 556 880 deserere
578 803 690 898 solet,
716 801 833 902 siper
859 827 898 873 se
911 799 973 874 ille
998 803 1170 902 probatae
1189 801 1237 874 sit
1257 802 1343 895 fidei,

251 909 321 983 etsi
335 907 434 1009 vulgi
448 906 635 982 calumniis
650 904 708 981 vel
719 904 873 983 mantne,
884 903 1078 977 laceratum
1089 925 1126 996 et
1139 931 1344 1005 conspurca-

251 1026 344 1102 tum,
367 1011 418 1092 ,ita
435 1011 588 1114 quisque
606 1008 712 1083 facile
727 1036 769 1082 ac
790 1006 874 1082 sine·
887 1034 989 1082 mora
1003 1005 1182 1103 destituit,
1207 1009 1272 1081 ubi
1285 1009 1343 1080 irn-

249 1113 443 1213 probitetis
457 1141 499 1188 ac
523 1111 698 1214 perfidiae
723 1131 839 1201 certas
855 1108 905 1184 'in
927 1136 972 1186 eo
993 1112 1218 1212 perspexerit
1242 1133 1341 1205 notu,

172 1275 175 1292 .
248 1217 482 1316 quantumvis
499 1237 625 1293 eontra
642 1217 783 1308 fremat,
807 1234 845 1287 et
856 1215 956 1308 boet,
982 1234 1020 1286 et
1038 1215 1185 1315 mugiat,
1201 1234 1237 1288 et
1244 1241 1342 1314 grun-

249 1319 400 1412 nintset
417 1318 536 1414 rudet,
562 1319 770 1396 universum
783 1317 921 1418 vulgus.
938 1350 942 1358 ·
975 1315 1122 1390 Memor
1137 1320 1234 1396 enim
1250 1317 1342 1390 simul

242 1423 441 1524 utriusque
457 1424 565 1517 effati,
592 1441 669 1496 tum
682 1417 793 1514 hujus
806 1418 1006 1519 proverbii:
1032 1420 1121 1495 Vox
1129 1422 1269 1523 populi,
1285 1447 1341 1492 vox

126 1544 130 1550 “
238 1522 339 1600 Dei!
372 1547 453 1601 turn
465 1527 560 1600 illius
574 1523 775 1628 praecepti:
804 1522 922 1596 Ultra
936 1523 1081 1622 plebem
1094 1525 1199 1624 sapel
1224 1523 1340 1612 ,media

245 1628 407 1729 quadam
427 1629 488 1704 via
502 1625 755 1725 incedendum
767 1623 862 1699 mihi
873 1627 1054 1725 putabam,
1069 1655 1142 1727 qua
1158 1621 1262 1702 snirm
1277 1627 1339 1698 cui·

244 1756 320 1830 que
338 1733 507 1836 religiose
524 1733 686 1806 tribuens
700 1729 885 1805 veritatem
908 1729 1015 1803 simul
1028 1730 1120 1804 meis
1128 1732 1248 1830 ipsius
1266 1757 1339 1803 oeu-

218 1836 221 1844 ’
242 1831 292 1909 lis
316 1863 427 1935 quam
450 1833 705 1910 studiosissime
729 1833 770 1908 ac
797 1831 982 1906 liberrime
1005 1837 1270 1935 persequerer..
1304 1833 1338 1906 ln

155 1943 173 2014 ἶ
242 1961 324 2040 ¹quo
338 1937 491 2036 liberali,
505 1937 661 2038 opinor,
678 1927 870 2036 negotiosi
886 1929 1034 2036 quando
1052 1961 1234 2032 erravero,
1249 1932 1337 2036 quod

240 2063 385 2137 yereor,
411 2067 459 2116 ne
480 2040 643 2117 crebrius
666 2037 855 2133 acciderit,
882 2039 1061 2113 malebam
1074 2043 1234 2124 omnino
1261 2067 1334 2113 cum

240 2129 365 2244 aliqua
388 2145 548 2240 ratione,
573 2171 682 2244 qnam
704 2143 762 2216 vel
778 2141 1084 2238 coecutientium,
1111 2146 1171 2219 vel
1185 2144 1336 2246 prurien-

159 2267 165 2280 ·
240 2245 353 2340 tium,
378 2249 488 2322 instar
514 2271 646 2322 errare.
700 2245 935 2348 Quapropter
949 2246 1056 2320 etiam
1076 2275 1164 2321 cum
1179 2243 1336 2348 singulari

156 2387 161 2402 ι
241 2347 402 2448 quadam
416 2348 593 2424 industria
608 2369 645 2421 et
657 2345 723 2421 reli
748 2347 832 2421 io'ne
854 2369 1042 2447 congestas
1057 2349 1212 2426 adhibui
1235 2350 1334 2426 variar

239 2447 417 2531 ‚Virorum
435 2451 674 2527 Eruditorum
697 2375 969 2558 observationes
978 2451 1149 2549 criticas,
1178 2451 1344 2533 emendam

236 2553 357 2630 tiones
372 2577 410 2630 et
422 2561 661 2653 conjectures,
688 2552 795 2630 variis
809 2552 888 2626 illas
901 2549 991 2628 lo‘cis
1007 2573 1045 2628 et
1065 2559 1186 2633 modis
1202 2585 1267 2657 per
1288 2558 1343 2645 in,

236 2685 390 2735 numera
403 2683 520 2758 paene
536 2657 720 2735 volumina
741 2653 933 2761 dispersam
959 2683 1115 2757 quarum
1130 2687 1179 2734 ne
1195 2661 1266 2736 ulle
1280 2652 1344 2757 alt,

265 2789 311 2836 ua
324 2761 488 2848 notitiam
502 2788 617 2836 meam
629 2762 784 2863 fugeret,
802 2757 931 2834 sedulo
944 2785 1091 2835 mecum
1105 2764 1214 2836 simul
1225 2759 1336 2862 provi·

229 2787 373 2939 ‘iebant
389 2863 464 2941 duo
482 2859 660 2965 spectatae
677 2861 863 2948 doctrinae
883 2862 1092 2962 etoptimae
1114 2865 1203 2940 fidei
1223 2862 1333 2958 amici,

113 2957 119 2973 '
236 2967 284 3046 G.
313 2969 602 3044 Srsmnsuurus
617 2986 653 3039 et
670 2965 711 3044 C.
732 2964 777 3039 G.
798 2975 1057 3060 Drnnenrrns,
1085 2995 1245 3068 quornm
1269 2968 1333 3043 hu·

232 3069 439 3150 manitatem
452 3075 523 3172 jam
539 3095 615 3146 non
632 3097 791 3170 possum,
817 3068 908 3168 quin
926 3070 1129 3170 gratissimo
1147 3073 1302 3169 enimop

231 3171 306 3248 lam
326 3199 608 3252 commemorem
627 3173 803 3273 justisque
833 3169 1002 3245 laudibus
1022 3174 1168 3255 tollam(
1212 3176 1332 3274 Neque

118 3275 120 3282 '
231 3275 332 3350 enim
346 3278 464 3353 solum
486 3277 716 3356 Wmnmnn
735 3296 771 3348 et
791 3273 927 3348 Bmuu
941 3273 1275 3378 interpretationes,

230 3378 385 3478 optimas
398 3407 559 3486 quasque
575 3408 596 3454 e
611 3375 876 3478 'recentioribus
885 3377 944 3450 vel
960 3378 1071 3452 totins
1085 3385 1263 3472 humani,
1280 3409 1301 3454 v

227 3481 464 3587 singulorum
480 3487 555 3581 ejus
569 3481 779 3558 libellorum
793 3478 1024 3576 editionibus,
1050 3509 1147 3584 qnae
1162 3513 1267 3559 nsum
1274 3481 1314 3558 al'

209 3609 342 3684 ,quem
359 3586 525 3662 criticum
538 3583 729 3678 haberent,
757 3583 929 3688 religioni
946 3604 1023 3658 emt
1039 3609 1208 3663 accurate
1221 3585 1312 3688 resp'

180 3764 183 3770 ,
225 3713 313 3762 cere
336 3735 381 3790 Τ-
403 3697 620 3796 quemquam
641 3687 749 3763 doleo
763 3713 881 3779 nime,
908 3689 1082 3763 absolutis
1097 3695 1167 3786 jam
1191 3691 1313 3767 dnobu

222 3789 494 3887 voluminibuS,
526 3789 649 3870 adhue
670 3789 764 3866 milri
793 3788 991 3885 desiderari
1012 3791 1226 3870 commen
1252 3791 1319 3869 As‘.

222 3915 341 3986 num,
366 3895 468 3971 unde
481 3894 634 3973 forsitan
646 3893 752 3970 ctiam
766 3894 806 3967 in
820 3889 955 3969 horum
966 3895 1201 3972 voluminum
1221 3899 1291 3972 scri

222 4012 260 4067 tn
276 3993 447 4072 nonnihil
460 3997 557 4076 lueri
571 3998 650 4100 'capi
667 3996 910 4097 potuisset-
924 3997 989 4079 sed
1005 3998 1113 4076 etiem
1130 4001 1289 4102 peouliar

220 4093 480 4198 quasdamltue
498 4121 699 4205 spectantes
715 4100 1055 4199 commentationes,
1080 4101 1119 4176 in
1135 4104 1239 4180 hiel.
1257 4111 1292 4180 G

218 4227 306 4306 erg.
319 4201 513 4320 churm
523 4203 574 4283 de
585 4203 683 4288 vitiis
700 4202 836 4284 curicis
856 4203 1024 4288 Lucum
1043 4205 1264 4288 et'Lexicor
