2742 4742
134 403 253 486 snum
382 432 457 478 ΕΕ
502 427 1032 494 au·ra'rn,v1rn

33 593 54 602 ”
134 579 344 678 deformitas,
366 577 517 639 rixarum
544 571 587 640 ,de
612 576 711 638 rebus
728 573 898 641 naucirel
922 573 1061 638 incertis
1085 577 1248 657 stultitia,

133 663 324 762 similiaque
340 677 420 740 satis
432 655 689 760 impugnantur,
710 675 783 737 sola
798 694 914 740 earum
928 673 1141 744 deformitate
1157 697 1252 762 pro-
1299 749 1303 752 ,

133 763 264 870 posita:
287 777 334 842 ita
350 778 489 840 tamen'
478 797 688 862 ampurorum
709 797 860 840 amorum
882 773 1055 862 turpitudo
1082 797 1151 840 non
1176 797 1252 841 eo·-
1275 764 1288 776 ⁸

113 893 115 900 ‘
132 885 210 948 dem
224 878 324 946 modo
341 899 377 941 se
395 880 468 943 erui
482 883 702 958 exjureumn
717 872 839 940 animis
851 879 989 962 patitur,
1005 874 1093 942 nuda
1104 879 1249 942 iliorum

131 967 278 1065 imagine
292 981 479 1068 proposita,
503 999 608 1066 eaque
621 977 803 1045 revelando
812 1009 827 1058 ,·
845 998 932 1064 quae
945 989 1064 1044 natura
1076 982 1151 1065 ipss
1172 991 1251 1061 tegi

130 1085 282 1165 flagitat,
304 1079 473 1168 quiniisic
490 1081 717 1151 incenduntur
735 1080 858 1168 potius.
880 1078 950 1143 Sed
964 1091 1000 1144 et
1011 1095 1128 1165 postea
1141 1070 1250 1146 dstess

50 1207 54 1213 ·
131 1205 226 1268 gens,
249 1204 317 1247 non
325 1201 409 1246 esse
424 1184 465 1246 ab
476 1182 587 1248 Nostra
602 1187 791 1270 profectum
802 1179 979 1261 dialogum
1003 1183 1100 1246 iilum
1122 1185 1250 1270 impu-
1277 1251 1280 1261 ,

35 1339 55 1354 ,,
129 1287 255 1349 riorem
272 1284 431 1359 Amorum,
455 1285 644 1371 scriptaque
661 1296 793 1356 caetera
814 1282 1009 1363 diligentius
1025 1297 1250 1368 pertractans,

105 1387 310 1468 ,benignius
326 1384 367 1448 de
385 1399 519 1450 auctora
536 1389 729 1472 existimare
747 1383 866 1463 didici3
888 1385 948 1448 cui·
959 1396 1069 1448 tamea
1088 1399 1124 1448 et
1136 1389 1249 1472 pessi·

130 1510 225 1568 mum
248 1491 346 1553 illum
365 1485 453 1553 Dial.
479 1486 689 1552 liderenicium
710 1489 754 1554 V.
777 1483 965 1566 abjudicare
986 1506 1085 1571 posse
1105 1490 1252 1566 vellem,

129 1592 169 1666 iu
186 1594 277 1671 cujus
294 1590 361 1652 fine
375 1589 520 1674 aliquam
539 1589 674 1678 quidem
689 1588 826 1675 pudoris
841 1589 895 1652 sui
909 1588 1146 1652 conscientiam
1160 1609 1253 1673 pro-

114 1719 116 1726 ’
134 1689 203 1771 dit,
224 1693 348 1756 nimius
364 1695 480 1754 tauien
499 1693 565 1756 tuit
579 1696 652 1778 ipse
665 1698 734 1773 jam
754 1692 941 1776 turpiculus
954 1690 992 1753 in
1008 1693 1080 1769 ejus
1088 1689 1249 1774 pictura,

116 1775 233 1878 ”quam
248 1793 461 1873 lougemagis
477 1791 636 1874 odiosam,
651 1795 784 1858 omissis
798 1791 1091 1869 obscoenitatibus,
1107 1792 1252 1874 potuis.-

133 1906 185 1958 set
194 1913 391 1982 proponens,
405 1895 435 1958 si
444 1915 524 1960 vere
539 1899 580 1958 ab
596 1894 806 1981 turpitudine
821 1893 1067 1959 abhorruisset:
1090 1889 1151 1953 sed
1164 1911 1250 1954 cum
1296 1889 1301 1897 '

131 1994 373 2076 naturalianon
389 2015 462 2059 esse
471 1999 582 2082 turpia
591 1999 679 2060 mala
689 2019 763 2062 curn
774 1994 912 2082 perdatis
926 1992 1100 2078 Epicureis
1114 1992 1250 2055 sentire

19 2179 21 2189 Ι
101 2173 103 2178 Ι
119 2094 276 2174 ridetur,
283 2095 439 2160 licentius
452 2100 489 2162 in
502 2097 632 2166 hissibi
643 2098 796 2177 indulsit,
806 2098 874 2184 qui,
883 2097 963 2170 licet
974 2095 1177 2163 nuliisectae
1186 2089 1253 2157 ad·
1272 2163 1275 2166 ⁴

133 2195 242 2260 dictus
255 2200 369 2274 fuerit,
393 2197 536 2283 Epicuro
553 2213 667 2264 tarnen
682 2221 763 2284 pras
779 2198 854 2262 aliis
872 2197 1021 2275 fauebat,
1045 2198 1138 2275 cujus
1154 2216 1248 2258 con-

91 2386 93 2390 Ι
132 2297 318 2384 ΕἱΕΕΕΕἰΕΕΕ
330 2301 545 2384 virtutesque
553 2302 690 2365 amavit.
713 2299 855 2384 (locsex
865 2297 983 2362 Indice
997 2297 1067 2382 peti
1075 2303 1249 2380 possunt.)

221 2437 329 2538 rimor
344 2461 457 2513 autern
476 2453 547 2528 ejus
563 2450 600 2512 in
614 2469 714 2513 veros
728 2450 948 2536 philosophos
969 2441 1063 2536 patet
1078 2467 1121 2510 ex
1137 2448 1250 2532 pluri-

20 2577 26 2590 ¹
132 2550 317 2630 bus'locis,
347 2547 448 2640 seque
470 2553 670 2637 impostores
691 2564 824 2615 tantum
836 2549 1029 2629 traducere,
1053 2547 1176 2611 diserte
1194 2551 1251 2614 ait

133 2653 214 2716 Piso.
242 2673 268 2714 c.
297 2655 347 2720 15.
372 2674 409 2740 ac
429 2653 565 2718 virtutis
582 2663 766 2718 amatorem
782 2674 818 2716 se
833 2655 1019 2740 profitetur.
1063 2649 1143 2714 Vid.
1167 2650 1248 2718 vic

18 2785 24 2795 ·
132 2753 310 2816 Demonact.
346 2777 373 2816 Ε.
403 2760 433 2822 2.
468 2751 500 2815 i.
533 2761 567 2816 et
590 2761 620 2822 3.
669 2753 728 2818 ubi
755 2754 797 2818 ad
820 2759 983 2820 virtutem
1013 2763 1047 2816 et
1075 2755 1252 2820 bonorum

133 2857 381 2939 exemplorum.
396 2849 619 2920 mutationem
646 2857 809 2920 hortatur.
873 2854 973 2920 Adde
1004 2865 1039 2918 et
1070 2854 1250 2937 Nigrinum,

133 2958 265 3040 aliaque
288 2957 344 3019 hic
367 2979 436 3020 nou
461 2956 653 3042 repetenda.
709 2958 776 3023 Sed
800 2971 836 3020 ΕΕ
858 2958 1031 3022 sinceritas
1055 2962 1127 3036 ejus
1146 2969 1250 3042 patet

132 3075 179 3120 ex
194 3059 389 3128 testimonio
404 3059 549 3146 pessimo
561 3061 608 3124 ab
626 3058 823 3126 Alexandro
838 3057 1083 3124 Pseudomante
1104 3061 1141 3124 in
1160 3054 1248 3122 Lu-

132 3158 252 3219 cionum
268 3163 496 3247 pronuntiato,
520 3183 547 3224 c.
566 3163 639 3241 ejus
653 3157 741 3224 Diei.
764 3167 815 3231 54.

298 3242 467 3344 Ndctivogo
483 3261 602 3348 gaudet
609 3266 698 3352 coitu,
721 3268 889 3352 incertoque
905 3261 1010 3329 cubili

131 3309 221 3442 quod
244 3362 398 3426 omittere
418 3365 602 3448 potuisset:
634 3370 667 3428 at
682 3369 832 3450 proferre
847 3389 916 3453 uon
930 3350 1083 3447 caretur,
1107 3368 1182 3454 quia
1197 3393 1246 3438 eo

131 3485 202 3528 non
216 3467 435 3547 tangebatur,
453 3487 514 3530 nec
531 3469 648 3534 uerbis·
657 3473 791 3548 refutat,
807 3472 885 3557 quia
898 3472 971 3556 ipsa
987 3469 1101 3534 ritaid
1115 3467 1263 3536 refuta-'

131 3565 197 3626 bat.
221 3563 308 3629 Tum
319 3579 353 3632 et
366 3569 525 3632 honestas
539 3571 672 3633 Luciaui
681 3582 775 3657 patet
790 3591 833 3634 ex
842 3593 881 3635 eo
890 3575 976 3659 ipso,
986 3575 1074 3660 quod
1082 3577 1245 3644 caussidi-
1260 3573 1265 3578 ’

131 3687 244 3730 corum
253 3687 386 3751 gregem
400 3669 573 3756 reliquerit
588 3675 635 3736 ob
645 3671 781 3737 fraudes
791 3685 825 3737 et
835 3673 1019 3758 mendacia,
1028 3677 1130 3744 Reviu.
1139 3704 1167 3744 Ε.
1181 3689 1242 3750 29.

214 3815 457 3888 Christianum
459 3823 628 3910 quondam
643 3827 748 3890 fuisse
769 3826 909 3891 minime
934 3843 1078 3915 expnto·
1109 3834 1239 3900 melius

129 3905 220 3983 cuim
236 3940 350 3986 eortun
363 3921 516 4004 dogmata
530 3926 695 4005 scivisset,
708 3947 771 3992 nec
779 3925 984 3994 iudaeorum
996 3933 1079 4003 ritus
1093 3957 1167 3999 cum
1175 3925 1243 4002 bia

106 4034 201 4104 rum
217 4022 432 4107 confudisset,
439 4039 477 4090 ut
492 4047 549 4111 qm
539 4021 830 4094 illissacerdotes
845 4042 881 4094 et
894 4031 1240 4106 scribasJudasorum

123 4074 432 4208 tribuaqinPeregn
441 4151 469 4192 Ε.
489 4135 537 4196 11.
553 4129 719 4194 scribens:
739 4137 1047 4217 Xprocrovuia-soir
1059 4137 1171 4224 tapeta
1183 4145 1243 4210 aui
