<?xml version="1.0" encoding="UTF-8"?>
<!DOCTYPE html PUBLIC "-//W3C//DTD XHTML 1.0 Transitional//EN"
    "http://www.w3.org/TR/xhtml1/DTD/xhtml1-transitional.dtd">
<html xmlns="http://www.w3.org/1999/xhtml" xml:lang="en" lang="en">
 <head>
  <title>
</title>
<meta http-equiv="Content-Type" content="text/html;charset=utf-8" />
  <meta name='ocr-system' content='tesseract 3.04.00' />
  <meta name='ocr-capabilities' content='ocr_page ocr_carea ocr_par ocr_line ocrx_word'/>
</head>
<body>
  <div class='ocr_page' id='page_1' title='image "./operagretlat01lucigoog_0075.png"; bbox 0 0 2742 4742; ppageno 0'>
   <div class='ocr_carea' id='block_1_1' title="bbox 161 439 1261 514">
    <p class='ocr_par' dir='ltr' id='par_1_1' title="bbox 161 439 1261 514">
     <span class='ocr_line' id='line_1_1' title="bbox 161 439 1261 514; baseline 0.004 -14"><span class='ocrx_word' id='word_1_1' title='bbox 161 439 673 514; x_wconf 69' lang='lat' dir='ltr'><strong>&#39;scurrursquu</strong></span> <span class='ocrx_word' id='word_1_2' title='bbox 731 453 1179 514; x_wconf 61' lang='grc' dir='ltr'>Ι,ὐ’01.ιιιι.ιιιιιι</span> <span class='ocrx_word' id='word_1_3' title='bbox 1257 498 1261 504; x_wconf 87' lang='grc'>,</span> 
     </span>
    </p>
   </div>
   <div class='ocr_carea' id='block_1_2' title="bbox 81 577 1269 690">
    <p class='ocr_par' dir='ltr' id='par_1_2' title="bbox 81 577 1269 690">
     <span class='ocr_line' id='line_1_2' title="bbox 81 577 1269 690; baseline 0.013 -27"><span class='ocrx_word' id='word_1_4' title='bbox 81 609 291 686; x_wconf 67' lang='grc' dir='ltr'>γραμματεῦσιν</span> <span class='ocrx_word' id='word_1_5' title='bbox 301 599 531 688; x_wconf 69' lang='grc' dir='ltr'>συγγινόμενος,</span> <span class='ocrx_word' id='word_1_6' title='bbox 543 577 725 690; x_wconf 82' lang='lat' dir='ltr'><strong>quotlhene</strong></span> <span class='ocrx_word' id='word_1_7' title='bbox 741 603 843 668; x_wconf 83' lang='lat' dir='ltr'><strong>etiam</strong></span> <span class='ocrx_word' id='word_1_8' title='bbox 854 601 1065 673; x_wconf 74' lang='lat' dir='ltr'><strong>Solanmadl.</strong></span> <span class='ocrx_word' id='word_1_9' title='bbox 1077 608 1109 673; x_wconf 81' lang='lat' dir='ltr'><strong>t.</strong></span> <span class='ocrx_word' id='word_1_10' title='bbox 1119 613 1177 676; x_wconf 86' lang='lat' dir='ltr'><strong>ob·</strong></span> <span class='ocrx_word' id='word_1_11' title='bbox 1264 637 1269 642; x_wconf 87' lang='lat'>·</span> 
     </span>
    </p>
   </div>
   <div class='ocr_carea' id='block_1_3' title="bbox 56 703 1272 4268">
    <p class='ocr_par' dir='ltr' id='par_1_3' title="bbox 56 703 1272 4250">
     <span class='ocr_line' id='line_1_3' title="bbox 81 703 1177 793; baseline 0.012 -29"><span class='ocrx_word' id='word_1_12' title='bbox 81 706 228 768; x_wconf 81' lang='lat' dir='ltr'><strong>servavit.</strong></span> <span class='ocrx_word' id='word_1_13' title='bbox 267 703 335 767; x_wconf 83' lang='lat' dir='ltr'><strong>Nec</strong></span> <span class='ocrx_word' id='word_1_14' title='bbox 350 703 435 772; x_wconf 84' lang='lat' dir='ltr'><strong>adeo</strong></span> <span class='ocrx_word' id='word_1_15' title='bbox 452 705 604 768; x_wconf 81' lang='lat' dir='ltr'><strong>infensus</strong></span> <span class='ocrx_word' id='word_1_16' title='bbox 620 703 903 785; x_wconf 78' lang='lat' dir='ltr'><strong>suitctrristianis,</strong></span> <span class='ocrx_word' id='word_1_17' title='bbox 913 719 1015 793; x_wconf 85' lang='lat' dir='ltr'><strong>atque</strong></span> <span class='ocrx_word' id='word_1_18' title='bbox 1025 713 1084 776; x_wconf 87' lang='lat' dir='ltr'><strong>alii</strong></span> <span class='ocrx_word' id='word_1_19' title='bbox 1095 713 1177 776; x_wconf 82' lang='lat' dir='ltr'><strong>exi·</strong></span> 
     </span>
     <span class='ocr_line' id='line_1_4' title="bbox 82 807 1272 897; baseline 0.003 -31"><span class='ocrx_word' id='word_1_20' title='bbox 82 807 223 884; x_wconf 79' lang='lat' dir='ltr'><strong>stimant3</strong></span> <span class='ocrx_word' id='word_1_21' title='bbox 247 808 416 873; x_wconf 82' lang='lat' dir='ltr'><strong>caritatem</strong></span> <span class='ocrx_word' id='word_1_22' title='bbox 435 807 657 883; x_wconf 77' lang='lat' dir='ltr'><strong>enitrieoruin</strong></span> <span class='ocrx_word' id='word_1_23' title='bbox 674 819 826 871; x_wconf 87' lang='lat' dir='ltr'><strong>mutuam</strong></span> <span class='ocrx_word' id='word_1_24' title='bbox 840 809 878 870; x_wconf 88' lang='lat' dir='ltr'><strong>iu</strong></span> <span class='ocrx_word' id='word_1_25' title='bbox 893 808 967 873; x_wconf 87' lang='lat' dir='ltr'><strong>eod.</strong></span> <span class='ocrx_word' id='word_1_26' title='bbox 986 811 1100 897; x_wconf 76' lang='lat' dir='ltr'><strong>Peregr.</strong></span> <span class='ocrx_word' id='word_1_27' title='bbox 1115 837 1172 879; x_wconf 77' lang='lat' dir='ltr'><strong>va.</strong></span> <span class='ocrx_word' id='word_1_28' title='bbox 1265 852 1272 858; x_wconf 86' lang='lat'><em>-</em></span> 
     </span>
     <span class='ocr_line' id='line_1_5' title="bbox 79 889 1172 1000; baseline 0.013 -32"><span class='ocrx_word' id='word_1_29' title='bbox 79 927 109 968; x_wconf 89' lang='lat' dir='ltr'><strong>re</strong></span> <span class='ocrx_word' id='word_1_30' title='bbox 120 893 292 992; x_wconf 82' lang='lat' dir='ltr'><strong>praedicat,</strong></span> <span class='ocrx_word' id='word_1_31' title='bbox 314 889 510 1000; x_wconf 73' lang='lat' dir='ltr'><strong>murumque</strong></span> <span class='ocrx_word' id='word_1_32' title='bbox 524 910 775 994; x_wconf 66' lang='lat' dir='ltr'><strong>simmicitatem</strong></span> <span class='ocrx_word' id='word_1_33' title='bbox 787 909 980 995; x_wconf 70' lang='lat' dir='ltr'><strong>eorumdem</strong></span> <span class='ocrx_word' id='word_1_34' title='bbox 987 914 1036 977; x_wconf 87' lang='lat' dir='ltr'><strong>ita</strong></span> <span class='ocrx_word' id='word_1_35' title='bbox 1050 915 1172 982; x_wconf 85' lang='lat' dir='ltr'><strong>descri-</strong></span> 
     </span>
     <span class='ocr_line' id='line_1_6' title="bbox 79 1008 1171 1096; baseline 0.016 -29"><span class='ocrx_word' id='word_1_36' title='bbox 79 1008 129 1085; x_wconf 89' lang='lat' dir='ltr'><strong>bit,</strong></span> <span class='ocrx_word' id='word_1_37' title='bbox 149 1020 287 1094; x_wconf 80' lang='lat' dir='ltr'><strong>atquae</strong></span> <span class='ocrx_word' id='word_1_38' title='bbox 304 1031 341 1074; x_wconf 84' lang='lat' dir='ltr'><strong>se</strong></span> <span class='ocrx_word' id='word_1_39' title='bbox 357 1011 435 1089; x_wconf 80' lang='lat' dir='ltr'><strong>salli</strong></span> <span class='ocrx_word' id='word_1_40' title='bbox 450 1012 684 1096; x_wconf 68' lang='lat' dir='ltr'><strong>potiuerim,</strong></span> <span class='ocrx_word' id='word_1_41' title='bbox 708 1030 805 1095; x_wconf 85' lang='lat' dir='ltr'><strong>quam</strong></span> <span class='ocrx_word' id='word_1_42' title='bbox 823 1023 862 1073; x_wconf 88' lang='lat' dir='ltr'><strong>ut</strong></span> <span class='ocrx_word' id='word_1_43' title='bbox 878 1015 990 1096; x_wconf 61' lang='lat' dir='ltr'><strong>fallat}</strong></span> <span class='ocrx_word' id='word_1_44' title='bbox 1013 1015 1073 1080; x_wconf 85' lang='lat' dir='ltr'><strong>sed</strong></span> <span class='ocrx_word' id='word_1_45' title='bbox 1089 1037 1171 1083; x_wconf 87' lang='lat' dir='ltr'><strong>eos-</strong></span> 
     </span>
     <span class='ocr_line' id='line_1_7' title="bbox 78 1106 1256 1199; baseline 0.014 -31"><span class='ocrx_word' id='word_1_46' title='bbox 78 1106 144 1172; x_wconf 82' lang='lat' dir='ltr'><strong>dem</strong></span> <span class='ocrx_word' id='word_1_47' title='bbox 164 1113 351 1194; x_wconf 76' lang='lat' dir='ltr'><strong>praestigiis</strong></span> <span class='ocrx_word' id='word_1_48' title='bbox 369 1133 406 1176; x_wconf 86' lang='lat' dir='ltr'><strong>ac</strong></span> <span class='ocrx_word' id='word_1_49' title='bbox 426 1113 717 1199; x_wconf 73' lang='lat' dir='ltr'><strong>superstitionibus</strong></span> <span class='ocrx_word' id='word_1_50' title='bbox 734 1124 850 1178; x_wconf 78' lang='lat' dir='ltr'><strong>tamen</strong></span> <span class='ocrx_word' id='word_1_51' title='bbox 871 1136 940 1178; x_wconf 90' lang='lat' dir='ltr'><strong>non</strong></span> <span class='ocrx_word' id='word_1_52' title='bbox 955 1119 1032 1182; x_wconf 79' lang='lat' dir='ltr'><strong>falli</strong></span> <span class='ocrx_word' id='word_1_53' title='bbox 1055 1141 1093 1184; x_wconf 89' lang='lat' dir='ltr'><strong>se</strong></span> <span class='ocrx_word' id='word_1_54' title='bbox 1110 1122 1170 1184; x_wconf 79' lang='lat' dir='ltr'><strong>ai-</strong></span> <span class='ocrx_word' id='word_1_55' title='bbox 1244 1119 1256 1143; x_wconf 78' lang='lat'>‘</span> 
     </span>
     <span class='ocr_line' id='line_1_8' title="bbox 74 1211 1166 1304; baseline 0.015 -34"><span class='ocrx_word' id='word_1_56' title='bbox 74 1212 168 1290; x_wconf 70' lang='lat' dir='ltr'><strong>aisse,</strong></span> <span class='ocrx_word' id='word_1_57' title='bbox 187 1213 259 1276; x_wconf 76' lang='lat' dir='ltr'><strong>sire</strong></span> <span class='ocrx_word' id='word_1_58' title='bbox 276 1211 398 1292; x_wconf 83' lang='lat' dir='ltr'><strong>studio,</strong></span> <span class='ocrx_word' id='word_1_59' title='bbox 421 1213 594 1310; x_wconf 73' lang='lat' dir='ltr'><strong>sirocasu,</strong></span> <span class='ocrx_word' id='word_1_60' title='bbox 618 1215 747 1280; x_wconf 81' lang='lat' dir='ltr'><strong>sincero</strong></span> <span class='ocrx_word' id='word_1_61' title='bbox 763 1226 877 1279; x_wconf 87' lang='lat' dir='ltr'><strong>tamen</strong></span> <span class='ocrx_word' id='word_1_62' title='bbox 892 1217 976 1298; x_wconf 78' lang='lat' dir='ltr'><strong>agit,</strong></span> <span class='ocrx_word' id='word_1_63' title='bbox 1000 1223 1058 1304; x_wconf 88' lang='lat' dir='ltr'><strong>qui</strong></span> <span class='ocrx_word' id='word_1_64' title='bbox 1071 1243 1166 1287; x_wconf 92' lang='lat' dir='ltr'><strong>com-</strong></span> 
     </span>
     <span class='ocr_line' id='line_1_9' title="bbox 75 1315 1164 1400; baseline 0.013 -28"><span class='ocrx_word' id='word_1_65' title='bbox 75 1327 224 1378; x_wconf 83' lang='lat' dir='ltr'><strong>memoret</strong></span> <span class='ocrx_word' id='word_1_66' title='bbox 240 1316 280 1378; x_wconf 88' lang='lat' dir='ltr'><strong>in</strong></span> <span class='ocrx_word' id='word_1_67' title='bbox 294 1316 387 1380; x_wconf 81' lang='lat' dir='ltr'><strong>Alex</strong></span> <span class='ocrx_word' id='word_1_68' title='bbox 406 1339 433 1381; x_wconf 90' lang='lat' dir='ltr'><strong>c.</strong></span> <span class='ocrx_word' id='word_1_69' title='bbox 447 1325 499 1386; x_wconf 77' lang='grc'><strong>38.</strong></span> <span class='ocrx_word' id='word_1_70' title='bbox 519 1317 603 1380; x_wconf 87' lang='lat' dir='ltr'><strong>ubi</strong></span> <span class='ocrx_word' id='word_1_71' title='bbox 592 1319 756 1400; x_wconf 77' lang='lat' dir='ltr'><strong>impostor</strong></span> <span class='ocrx_word' id='word_1_72' title='bbox 771 1315 977 1382; x_wconf 80' lang='lat' dir='ltr'><strong>Christianos</strong></span> <span class='ocrx_word' id='word_1_73' title='bbox 992 1322 1095 1385; x_wconf 85' lang='lat' dir='ltr'><strong>etram</strong></span> <span class='ocrx_word' id='word_1_74' title='bbox 1103 1344 1164 1386; x_wconf 89' lang='lat' dir='ltr'><strong>ar</strong></span> 
     </span>
     <span class='ocr_line' id='line_1_10' title="bbox 76 1415 1164 1516; baseline 0.012 -41"><span class='ocrx_word' id='word_1_75' title='bbox 76 1415 157 1476; x_wconf 83' lang='lat' dir='ltr'><strong>rebat</strong></span> <span class='ocrx_word' id='word_1_76' title='bbox 168 1417 236 1480; x_wconf 85' lang='lat' dir='ltr'><strong>suia</strong></span> <span class='ocrx_word' id='word_1_77' title='bbox 252 1419 366 1497; x_wconf 84' lang='lat' dir='ltr'><strong>sacris,</strong></span> <span class='ocrx_word' id='word_1_78' title='bbox 388 1418 527 1516; x_wconf 76' lang='lat' dir='ltr'><strong>veritus,</strong></span> <span class='ocrx_word' id='word_1_79' title='bbox 549 1437 592 1480; x_wconf 85' lang='lat' dir='ltr'><strong>us</strong></span> <span class='ocrx_word' id='word_1_80' title='bbox 609 1418 646 1480; x_wconf 88' lang='lat' dir='ltr'><strong>hi</strong></span> <span class='ocrx_word' id='word_1_81' title='bbox 663 1417 822 1480; x_wconf 75' lang='lat' dir='ltr'><strong>facilius</strong></span> <span class='ocrx_word' id='word_1_82' title='bbox 811 1416 918 1504; x_wconf 79' lang='lat' dir='ltr'><strong>ipsius</strong></span> <span class='ocrx_word' id='word_1_83' title='bbox 937 1420 1086 1487; x_wconf 80' lang='lat' dir='ltr'><strong>fraudes·</strong></span> <span class='ocrx_word' id='word_1_84' title='bbox 1098 1423 1164 1488; x_wconf 84' lang='lat' dir='ltr'><strong>de·-</strong></span> 
     </span>
     <span class='ocr_line' id='line_1_11' title="bbox 73 1517 1163 1610; baseline 0.012 -34"><span class='ocrx_word' id='word_1_85' title='bbox 73 1527 209 1595; x_wconf 79' lang='lat' dir='ltr'><strong>tcgerent</strong></span> <span class='ocrx_word' id='word_1_86' title='bbox 228 1537 266 1582; x_wconf 85' lang='lat' dir='ltr'><strong>ac</strong></span> <span class='ocrx_word' id='word_1_87' title='bbox 282 1517 451 1599; x_wconf 83' lang='lat' dir='ltr'><strong>riderent·</strong></span> <span class='ocrx_word' id='word_1_88' title='bbox 472 1517 533 1582; x_wconf 84' lang='lat' dir='ltr'><strong>sed</strong></span> <span class='ocrx_word' id='word_1_89' title='bbox 547 1532 582 1582; x_wconf 87' lang='lat' dir='ltr'><strong>et</strong></span> <span class='ocrx_word' id='word_1_90' title='bbox 596 1519 686 1582; x_wconf 87' lang='lat' dir='ltr'><strong>idem</strong></span> <span class='ocrx_word' id='word_1_91' title='bbox 699 1517 833 1582; x_wconf 79' lang='lat' dir='ltr'><strong>Atheos</strong></span> <span class='ocrx_word' id='word_1_92' title='bbox 849 1523 982 1584; x_wconf 79' lang='lat' dir='ltr'><strong>arcebat</strong></span> <span class='ocrx_word' id='word_1_93' title='bbox 993 1533 1028 1584; x_wconf 87' lang='lat' dir='ltr'><strong>et</strong></span> <span class='ocrx_word' id='word_1_94' title='bbox 1040 1522 1163 1610; x_wconf 87' lang='lat' dir='ltr'><strong>Epicu·-</strong></span> 
     </span>
     <span class='ocr_line' id='line_1_12' title="bbox 72 1617 1223 1720; baseline 0.011 -42"><span class='ocrx_word' id='word_1_95' title='bbox 72 1637 145 1698; x_wconf 85' lang='lat' dir='ltr'><strong>reos,</strong></span> <span class='ocrx_word' id='word_1_96' title='bbox 158 1619 246 1684; x_wconf 82' lang='lat' dir='ltr'><strong>unde</strong></span> <span class='ocrx_word' id='word_1_97' title='bbox 263 1617 400 1716; x_wconf 83' lang='lat' dir='ltr'><strong>quidam</strong></span> <span class='ocrx_word' id='word_1_98' title='bbox 411 1621 496 1682; x_wconf 90' lang='lat' dir='ltr'><strong>nihil</strong></span> <span class='ocrx_word' id='word_1_99' title='bbox 512 1622 679 1706; x_wconf 86' lang='lat' dir='ltr'><strong>probatur,</strong></span> <span class='ocrx_word' id='word_1_100' title='bbox 694 1619 783 1705; x_wconf 83' lang='lat' dir='ltr'><strong>quod</strong></span> <span class='ocrx_word' id='word_1_101' title='bbox 799 1617 1005 1686; x_wconf 69' lang='lat' dir='ltr'><strong>Christianos</strong></span> <span class='ocrx_word' id='word_1_102' title='bbox 1019 1623 1067 1688; x_wconf 91' lang='lat' dir='ltr'><strong>ibi</strong></span> <span class='ocrx_word' id='word_1_103' title='bbox 1080 1628 1162 1690; x_wconf 77' lang='lat' dir='ltr'><strong>tau·</strong></span> <span class='ocrx_word' id='word_1_104' title='bbox 1138 1661 1169 1720; x_wconf 38' lang='grc' dir='ltr'><strong>ἢ,</strong></span> <span class='ocrx_word' id='word_1_105' title='bbox 1220 1662 1223 1669; x_wconf 87' lang='grc'>·</span> 
     </span>
     <span class='ocr_line' id='line_1_13' title="bbox 73 1711 1161 1807; baseline 0.006 -27"><span class='ocrx_word' id='word_1_106' title='bbox 73 1717 144 1782; x_wconf 87' lang='lat' dir='ltr'><strong>darit</strong></span> <span class='ocrx_word' id='word_1_107' title='bbox 157 1711 333 1803; x_wconf 76' lang='lat' dir='ltr'><strong>Luciaaus&#39;3</strong></span> <span class='ocrx_word' id='word_1_108' title='bbox 360 1720 501 1800; x_wconf 79' lang='lat' dir='ltr'><strong>seclejus</strong></span> <span class='ocrx_word' id='word_1_109' title='bbox 515 1722 691 1802; x_wconf 75' lang='lat' dir='ltr'><strong>integritas</strong></span> <span class='ocrx_word' id='word_1_110' title='bbox 706 1732 821 1784; x_wconf 88' lang='lat' dir='ltr'><strong>tamen</strong></span> <span class='ocrx_word' id='word_1_111' title='bbox 845 1719 1000 1807; x_wconf 57' lang='lat' dir='ltr'><strong>eriperem</strong></span> <span class='ocrx_word' id='word_1_112' title='bbox 1022 1739 1057 1790; x_wconf 84' lang='lat' dir='ltr'><strong>at</strong></span> <span class='ocrx_word' id='word_1_113' title='bbox 1066 1725 1161 1793; x_wconf 88' lang='lat' dir='ltr'><strong>Chri.</strong></span> 
     </span>
     <span class='ocr_line' id='line_1_14' title="bbox 72 1812 1269 1911; baseline 0.009 -31"><span class='ocrx_word' id='word_1_114' title='bbox 72 1829 144 1902; x_wconf 82' lang='lat' dir='ltr'><strong>stum</strong></span> <span class='ocrx_word' id='word_1_115' title='bbox 156 1823 348 1910; x_wconf 80' lang='lat' dir='ltr'><strong>Sophistam</strong></span> <span class='ocrx_word' id='word_1_116' title='bbox 361 1834 459 1898; x_wconf 66' lang='lat' dir='ltr'><strong>rorat</strong></span> <span class='ocrx_word' id='word_1_117' title='bbox 473 1821 564 1888; x_wconf 85' lang='lat' dir='ltr'><strong>idem</strong></span> <span class='ocrx_word' id='word_1_118' title='bbox 572 1825 609 1886; x_wconf 90' lang='lat' dir='ltr'><strong>in</strong></span> <span class='ocrx_word' id='word_1_119' title='bbox 624 1821 740 1904; x_wconf 72' lang='lat' dir='ltr'><strong>Peragr.</strong></span> <span class='ocrx_word' id='word_1_120' title='bbox 756 1825 780 1886; x_wconf 91' lang='lat' dir='ltr'><strong>l.</strong></span> <span class='ocrx_word' id='word_1_121' title='bbox 791 1821 823 1886; x_wconf 83' lang='lat' dir='ltr'><strong>cl.</strong></span> <span class='ocrx_word' id='word_1_122' title='bbox 835 1845 974 1906; x_wconf 78' lang='lat' dir='ltr'><strong>nec-ego</strong></span> <span class='ocrx_word' id='word_1_123' title='bbox 1000 1812 1157 1911; x_wconf 66' lang='lat' dir='ltr'><strong>coniugio</strong></span> <span class='ocrx_word' id='word_1_124' title='bbox 1237 1848 1241 1854; x_wconf 87' lang='lat'><em>·</em></span> <span class='ocrx_word' id='word_1_125' title='bbox 1262 1887 1269 1905; x_wconf 68' lang='grc'>,</span> 
     </span>
     <span class='ocr_line' id='line_1_15' title="bbox 72 1921 1156 2017; baseline 0.01 -35"><span class='ocrx_word' id='word_1_126' title='bbox 72 1921 358 1992; x_wconf 80' lang='lat' dir='ltr'><strong>adexcusationsm</strong></span> <span class='ocrx_word' id='word_1_127' title='bbox 377 1924 495 2000; x_wconf 77' lang='lat' dir='ltr'><strong>Vorsii,</strong></span> <span class='ocrx_word' id='word_1_128' title='bbox 524 1925 619 2015; x_wconf 84' lang='lat' dir='ltr'><strong>quasi</strong></span> <span class='ocrx_word' id='word_1_129' title='bbox 633 1923 671 1988; x_wconf 89' lang='lat' dir='ltr'><strong>id</strong></span> <span class='ocrx_word' id='word_1_130' title='bbox 682 1927 821 1988; x_wconf 84' lang='lat' dir='ltr'><strong>alterius</strong></span> <span class='ocrx_word' id='word_1_131' title='bbox 831 1926 974 2017; x_wconf 83' lang='lat' dir='ltr'><strong>nomina</strong></span> <span class='ocrx_word' id='word_1_132' title='bbox 990 1927 1097 2007; x_wconf 83' lang='lat' dir='ltr'><strong>dicat,</strong></span> <span class='ocrx_word' id='word_1_133' title='bbox 1120 1941 1156 1994; x_wconf 87' lang='lat' dir='ltr'><strong>et</strong></span> 
     </span>
     <span class='ocr_line' id='line_1_16' title="bbox 73 2022 1153 2112; baseline 0.011 -30"><span class='ocrx_word' id='word_1_134' title='bbox 73 2022 258 2104; x_wconf 85' lang='lat' dir='ltr'><strong>quodetiam</strong></span> <span class='ocrx_word' id='word_1_135' title='bbox 273 2031 313 2091; x_wconf 84' lang='lat' dir='ltr'><strong>in</strong></span> <span class='ocrx_word' id='word_1_136' title='bbox 327 2029 595 2112; x_wconf 81' lang='lat' dir='ltr'><strong>bonampartem</strong></span> <span class='ocrx_word' id='word_1_137' title='bbox 608 2029 722 2091; x_wconf 81' lang='lat' dir='ltr'><strong>valeat</strong></span> <span class='ocrx_word' id='word_1_138' title='bbox 735 2027 795 2090; x_wconf 80' lang='lat' dir='ltr'><strong>itta</strong></span> <span class='ocrx_word' id='word_1_139' title='bbox 809 2045 897 2105; x_wconf 76' lang='lat' dir='ltr'><strong>rox;</strong></span> <span class='ocrx_word' id='word_1_140' title='bbox 918 2048 996 2090; x_wconf 85' lang='lat' dir='ltr'><strong>nam</strong></span> <span class='ocrx_word' id='word_1_141' title='bbox 1011 2048 1053 2092; x_wconf 84' lang='lat' dir='ltr'><strong>sa</strong></span> <span class='ocrx_word' id='word_1_142' title='bbox 1065 2031 1153 2094; x_wconf 86' lang='lat' dir='ltr'><strong>nihi·</strong></span> 
     </span>
     <span class='ocr_line' id='line_1_17' title="bbox 75 2113 1152 2216; baseline 0.006 -31"><span class='ocrx_word' id='word_1_143' title='bbox 75 2113 202 2189; x_wconf 58' lang='lat' dir='ltr'><strong>lilacare&#39;</strong></span> <span class='ocrx_word' id='word_1_144' title='bbox 211 2125 414 2207; x_wconf 80' lang='lat' dir='ltr'><strong>religionem</strong></span> <span class='ocrx_word' id='word_1_145' title='bbox 431 2123 665 2208; x_wconf 72' lang='lat' dir='ltr'><strong>Christianam,</strong></span> <span class='ocrx_word' id='word_1_146' title='bbox 688 2127 769 2190; x_wconf 84' lang='lat' dir='ltr'><strong>satis</strong></span> <span class='ocrx_word' id='word_1_147' title='bbox 784 2136 879 2216; x_wconf 78' lang='lat' dir='ltr'><strong>patet</strong></span> <span class='ocrx_word' id='word_1_148' title='bbox 889 2127 1050 2211; x_wconf 86' lang='lat' dir='ltr'><strong>aliunde</strong></span> <span class='ocrx_word' id='word_1_149' title='bbox 1072 2134 1152 2195; x_wconf 87' lang='lat' dir='ltr'><strong>etii.</strong></span> 
     </span>
     <span class='ocr_line' id='line_1_18' title="bbox 76 2227 1170 2324; baseline 0.012 -41"><span class='ocrx_word' id='word_1_150' title='bbox 76 2233 115 2286; x_wconf 84' lang='lat' dir='ltr'><strong>cat</strong></span> <span class='ocrx_word' id='word_1_151' title='bbox 126 2227 178 2292; x_wconf 86' lang='lat' dir='ltr'><strong>hor</strong></span> <span class='ocrx_word' id='word_1_152' title='bbox 189 2227 335 2307; x_wconf 79' lang='lat' dir='ltr'><strong>doleam,</strong></span> <span class='ocrx_word' id='word_1_153' title='bbox 357 2249 426 2298; x_wconf 85' lang='grc' dir='ltr'>ιιοιι</span> <span class='ocrx_word' id='word_1_154' title='bbox 440 2241 554 2294; x_wconf 84' lang='lat' dir='ltr'><strong>tamen</strong></span> <span class='ocrx_word' id='word_1_155' title='bbox 568 2231 675 2310; x_wconf 80' lang='lat' dir='ltr'><strong>magis</strong></span> <span class='ocrx_word' id='word_1_156' title='bbox 690 2227 796 2291; x_wconf 87' lang='lat' dir='ltr'><strong>miror</strong></span> <span class='ocrx_word' id='word_1_157' title='bbox 812 2227 850 2290; x_wconf 86' lang='lat' dir='ltr'><strong>iu</strong></span> <span class='ocrx_word' id='word_1_158' title='bbox 866 2230 1007 2292; x_wconf 74' lang='lat' dir='ltr'><strong>Lucieno</strong></span> <span class='ocrx_word' id='word_1_159' title='bbox 1019 2253 1170 2324; x_wconf 81' lang='lat' dir='ltr'><strong>,quam-</strong></span> 
     </span>
     <span class='ocr_line' id='line_1_19' title="bbox 69 2325 1224 2418; baseline 0.008 -30"><span class='ocrx_word' id='word_1_160' title='bbox 69 2325 99 2386; x_wconf 88' lang='lat' dir='ltr'><strong>iu</strong></span> <span class='ocrx_word' id='word_1_161' title='bbox 112 2326 174 2392; x_wconf 84' lang='lat' dir='ltr'><strong>aliis</strong></span> <span class='ocrx_word' id='word_1_162' title='bbox 190 2331 390 2394; x_wconf 81' lang='lat' dir='ltr'><strong>auctoribus</strong></span> <span class='ocrx_word' id='word_1_163' title='bbox 398 2333 546 2415; x_wconf 76' lang='lat' dir='ltr'><strong>priorum</strong></span> <span class='ocrx_word' id='word_1_164' title='bbox 562 2331 782 2410; x_wconf 85' lang='lat' dir='ltr'><strong>saeculorum,</strong></span> <span class='ocrx_word' id='word_1_165' title='bbox 796 2353 857 2414; x_wconf 85' lang='lat' dir='ltr'><strong>qur</strong></span> <span class='ocrx_word' id='word_1_166' title='bbox 847 2330 976 2394; x_wconf 85' lang='lat' dir='ltr'><strong>multo</strong></span> <span class='ocrx_word' id='word_1_167' title='bbox 993 2338 1152 2418; x_wconf 86' lang='lat' dir='ltr'><strong>pejoraiu</strong></span> <span class='ocrx_word' id='word_1_168' title='bbox 1220 2337 1224 2343; x_wconf 82' lang='grc'><strong>’</strong></span> 
     </span>
     <span class='ocr_line' id='line_1_20' title="bbox 66 2415 1150 2520; baseline 0.012 -35"><span class='ocrx_word' id='word_1_169' title='bbox 66 2415 166 2491; x_wconf 87' lang='lat' dir='ltr'><strong>hanc</strong></span> <span class='ocrx_word' id='word_1_170' title='bbox 147 2433 321 2518; x_wconf 83' lang='lat' dir='ltr'><strong>scripsere,</strong></span> <span class='ocrx_word' id='word_1_171' title='bbox 345 2443 380 2496; x_wconf 85' lang='lat' dir='ltr'><strong>et</strong></span> <span class='ocrx_word' id='word_1_172' title='bbox 391 2453 477 2518; x_wconf 78' lang='lat' dir='ltr'><strong>quos</strong></span> <span class='ocrx_word' id='word_1_173' title='bbox 490 2443 604 2495; x_wconf 84' lang='lat' dir='ltr'><strong>tamen</strong></span> <span class='ocrx_word' id='word_1_174' title='bbox 619 2432 777 2513; x_wconf 80' lang='lat' dir='ltr'><strong>ferimus,</strong></span> <span class='ocrx_word' id='word_1_175' title='bbox 799 2453 837 2496; x_wconf 90' lang='lat' dir='ltr'><strong>ac</strong></span> <span class='ocrx_word' id='word_1_176' title='bbox 851 2447 989 2520; x_wconf 80' lang='lat' dir='ltr'><strong>propter</strong></span> <span class='ocrx_word' id='word_1_177' title='bbox 1003 2437 1069 2498; x_wconf 86' lang='lat' dir='ltr'><strong>alia</strong></span> <span class='ocrx_word' id='word_1_178' title='bbox 1085 2436 1150 2498; x_wconf 85' lang='lat' dir='ltr'><strong>uti·</strong></span> 
     </span>
     <span class='ocr_line' id='line_1_21' title="bbox 64 2527 1177 2633; baseline 0.013 -47"><span class='ocrx_word' id='word_1_179' title='bbox 64 2527 100 2588; x_wconf 88' lang='lat' dir='ltr'><strong>lia</strong></span> <span class='ocrx_word' id='word_1_180' title='bbox 113 2531 299 2598; x_wconf 79' lang='lat' dir='ltr'><strong>laudamus.</strong></span> <span class='ocrx_word' id='word_1_181' title='bbox 323 2536 404 2620; x_wconf 89' lang='lat' dir='ltr'><strong>quin</strong></span> <span class='ocrx_word' id='word_1_182' title='bbox 420 2536 468 2598; x_wconf 86' lang='lat' dir='ltr'><strong>sic</strong></span> <span class='ocrx_word' id='word_1_183' title='bbox 485 2553 603 2598; x_wconf 78' lang='lat' dir='ltr'><strong>verum</strong></span> <span class='ocrx_word' id='word_1_184' title='bbox 616 2532 769 2599; x_wconf 79' lang='lat' dir='ltr'><strong>videmus</strong></span> <span class='ocrx_word' id='word_1_185' title='bbox 771 2533 886 2633; x_wconf 86' lang='lat' dir='ltr'><strong>‚quod</strong></span> <span class='ocrx_word' id='word_1_186' title='bbox 899 2535 1085 2620; x_wconf 82' lang='lat' dir='ltr'><strong>Apostolus</strong></span> <span class='ocrx_word' id='word_1_187' title='bbox 1100 2535 1149 2600; x_wconf 84' lang='lat' dir='ltr'><strong>di</strong></span> <span class='ocrx_word' id='word_1_188' title='bbox 1173 2587 1177 2592; x_wconf 67' lang='lat'><strong>,</strong></span> 
     </span>
     <span class='ocr_line' id='line_1_22' title="bbox 64 2633 1149 2721; baseline 0.009 -29"><span class='ocrx_word' id='word_1_189' title='bbox 64 2633 114 2711; x_wconf 87' lang='lat' dir='ltr'><strong>xit,</strong></span> <span class='ocrx_word' id='word_1_190' title='bbox 131 2653 165 2715; x_wconf 85' lang='lat' dir='ltr'><strong>se</strong></span> <span class='ocrx_word' id='word_1_191' title='bbox 180 2634 380 2708; x_wconf 79' lang='lat' dir='ltr'><strong>adnuntiare</strong></span> <span class='ocrx_word' id='word_1_192' title='bbox 393 2633 573 2714; x_wconf 83' lang='lat' dir='ltr'><strong>Christum,</strong></span> <span class='ocrx_word' id='word_1_193' title='bbox 595 2636 653 2721; x_wconf 90' lang='lat' dir='ltr'><strong>qui</strong></span> <span class='ocrx_word' id='word_1_194' title='bbox 668 2634 807 2702; x_wconf 81' lang='lat' dir='ltr'><strong>ludaeis</strong></span> <span class='ocrx_word' id='word_1_195' title='bbox 829 2637 990 2715; x_wconf 82' lang='lat' dir='ltr'><strong>offensio,</strong></span> <span class='ocrx_word' id='word_1_196' title='bbox 1013 2635 1149 2702; x_wconf 85' lang='lat' dir='ltr'><strong>Graecis</strong></span> 
     </span>
     <span class='ocr_line' id='line_1_23' title="bbox 65 2729 1222 2839; baseline 0.01 -48"><span class='ocrx_word' id='word_1_197' title='bbox 65 2735 185 2800; x_wconf 87' lang='lat' dir='ltr'><strong>stultitia</strong></span> <span class='ocrx_word' id='word_1_198' title='bbox 200 2729 309 2820; x_wconf 78' lang='lat' dir='ltr'><strong>esset3</strong></span> <span class='ocrx_word' id='word_1_199' title='bbox 340 2759 479 2825; x_wconf 88' lang='lat' dir='ltr'><strong>cumque</strong></span> <span class='ocrx_word' id='word_1_200' title='bbox 499 2731 645 2801; x_wconf 76' lang='lat' dir='ltr'><strong>ludaeos</strong></span> <span class='ocrx_word' id='word_1_201' title='bbox 660 2741 817 2818; x_wconf 82' lang='lat' dir='ltr'><strong>ieramus,</strong></span> <span class='ocrx_word' id='word_1_202' title='bbox 842 2734 984 2818; x_wconf 82' lang='lat' dir='ltr'><strong>Christo,</strong></span> <span class='ocrx_word' id='word_1_203' title='bbox 1003 2760 1064 2825; x_wconf 86' lang='lat' dir='ltr'><strong>pro</strong></span> <span class='ocrx_word' id='word_1_204' title='bbox 1082 2737 1149 2802; x_wconf 84' lang='lat' dir='ltr'><strong>clo-</strong></span> <span class='ocrx_word' id='word_1_205' title='bbox 1218 2829 1222 2839; x_wconf 37' lang='grc' dir='ltr'>Ι</span> 
     </span>
     <span class='ocr_line' id='line_1_24' title="bbox 64 2833 1165 2926; baseline 0.007 -31"><span class='ocrx_word' id='word_1_206' title='bbox 64 2833 119 2896; x_wconf 81' lang='lat' dir='ltr'><strong>lor!</strong></span> <span class='ocrx_word' id='word_1_207' title='bbox 144 2839 401 2921; x_wconf 74' lang='lat' dir='ltr'><strong>maledicentes,</strong></span> <span class='ocrx_word' id='word_1_208' title='bbox 432 2833 555 2926; x_wconf 59' lang='lat' dir='ltr'><strong>quidni*</strong></span> <span class='ocrx_word' id='word_1_209' title='bbox 575 2841 664 2902; x_wconf 88' lang='lat' dir='ltr'><strong>hunc</strong></span> <span class='ocrx_word' id='word_1_210' title='bbox 685 2842 853 2918; x_wconf 84' lang='lat' dir='ltr'><strong>feramus,</strong></span> <span class='ocrx_word' id='word_1_211' title='bbox 876 2859 985 2925; x_wconf 89' lang='lat' dir='ltr'><strong>neque</strong></span> <span class='ocrx_word' id='word_1_212' title='bbox 1001 2836 1165 2917; x_wconf 58' lang='lat' dir='ltr'><strong>Christo„</strong></span> 
     </span>
     <span class='ocr_line' id='line_1_25' title="bbox 64 2938 1239 3026; baseline 0 -28"><span class='ocrx_word' id='word_1_213' title='bbox 64 2955 155 3022; x_wconf 80' lang='lat' dir='ltr'><strong>neque</strong></span> <span class='ocrx_word' id='word_1_214' title='bbox 171 2938 368 3006; x_wconf 84' lang='lat' dir='ltr'><strong>Christianis</strong></span> <span class='ocrx_word' id='word_1_215' title='bbox 382 2939 661 3006; x_wconf 77' lang='lat' dir='ltr'><strong>maledicentem?</strong></span> <span class='ocrx_word' id='word_1_216' title='bbox 683 2938 773 3005; x_wconf 87' lang='lat' dir='ltr'><strong>Risit</strong></span> <span class='ocrx_word' id='word_1_217' title='bbox 784 2939 1146 3024; x_wconf 84' lang='lat' dir='ltr'><strong>auterhEpicursorum</strong></span> <span class='ocrx_word' id='word_1_218' title='bbox 1205 3022 1208 3026; x_wconf 82' lang='lat'>.</span> <span class='ocrx_word' id='word_1_219' title='bbox 1235 3016 1239 3022; x_wconf 18' lang='grc' dir='ltr'>ι</span> 
     </span>
     <span class='ocr_line' id='line_1_26' title="bbox 63 3042 1146 3128; baseline -0.004 -24"><span class='ocrx_word' id='word_1_220' title='bbox 63 3057 139 3104; x_wconf 83' lang='lat' dir='ltr'><strong>mura</strong></span> <span class='ocrx_word' id='word_1_221' title='bbox 152 3045 284 3108; x_wconf 84' lang='lat' dir='ltr'><strong>animae</strong></span> <span class='ocrx_word' id='word_1_222' title='bbox 299 3043 585 3108; x_wconf 80' lang='lat' dir='ltr'><strong>immortalitatem</strong></span> <span class='ocrx_word' id='word_1_223' title='bbox 608 3042 766 3127; x_wconf 79' lang='lat' dir='ltr'><strong>vitaeque</strong></span> <span class='ocrx_word' id='word_1_224' title='bbox 781 3043 1005 3128; x_wconf 83' lang='lat' dir='ltr'><strong>sempiternae</strong></span> <span class='ocrx_word' id='word_1_225' title='bbox 1018 3060 1146 3127; x_wconf 79' lang='lat' dir='ltr'><strong>exspa-</strong></span> 
     </span>
     <span class='ocr_line' id='line_1_27' title="bbox 62 3139 1145 3234; baseline 0.004 -36"><span class='ocrx_word' id='word_1_226' title='bbox 62 3142 234 3225; x_wconf 84' lang='lat' dir='ltr'><strong>ctatlonem,</strong></span> <span class='ocrx_word' id='word_1_227' title='bbox 256 3145 295 3210; x_wconf 85' lang='lat' dir='ltr'><strong>in</strong></span> <span class='ocrx_word' id='word_1_228' title='bbox 312 3143 427 3229; x_wconf 76' lang='lat' dir='ltr'><strong>Peregr.</strong></span> <span class='ocrx_word' id='word_1_229' title='bbox 443 3167 476 3234; x_wconf 63' lang='lat'><strong>0⁶?</strong></span> <span class='ocrx_word' id='word_1_230' title='bbox 489 3151 539 3214; x_wconf 81' lang='lat'><strong>15.</strong></span> <span class='ocrx_word' id='word_1_231' title='bbox 574 3139 727 3228; x_wconf 77' lang='lat' dir='ltr'><strong>quodque</strong></span> <span class='ocrx_word' id='word_1_232' title='bbox 746 3145 809 3207; x_wconf 84' lang='lat' dir='ltr'><strong>hac</strong></span> <span class='ocrx_word' id='word_1_233' title='bbox 836 3164 895 3230; x_wconf 85' lang='lat' dir='ltr'><strong>spe</strong></span> <span class='ocrx_word' id='word_1_234' title='bbox 921 3143 1001 3207; x_wconf 77' lang='lat' dir='ltr'><strong>freti</strong></span> <span class='ocrx_word' id='word_1_235' title='bbox 1025 3151 1145 3226; x_wconf 83' lang='lat' dir='ltr'><strong>sponte</strong></span> 
     </span>
     <span class='ocr_line' id='line_1_28' title="bbox 60 3242 1158 3333; baseline 0.005 -34"><span class='ocrx_word' id='word_1_236' title='bbox 60 3259 89 3301; x_wconf 88' lang='lat' dir='ltr'><strong>se</strong></span> <span class='ocrx_word' id='word_1_237' title='bbox 102 3243 297 3310; x_wconf 81' lang='lat' dir='ltr'><strong>occidendos</strong></span> <span class='ocrx_word' id='word_1_238' title='bbox 308 3247 500 3333; x_wconf 84' lang='lat' dir='ltr'><strong>praebeant.</strong></span> <span class='ocrx_word' id='word_1_239' title='bbox 544 3242 589 3308; x_wconf 87' lang='lat' dir='ltr'><strong>Ut</strong></span> <span class='ocrx_word' id='word_1_240' title='bbox 603 3257 717 3310; x_wconf 86' lang='lat' dir='ltr'><strong>autem</strong></span> <span class='ocrx_word' id='word_1_241' title='bbox 733 3249 880 3331; x_wconf 81' lang='lat' dir='ltr'><strong>priorem</strong></span> <span class='ocrx_word' id='word_1_242' title='bbox 893 3247 985 3310; x_wconf 86' lang='lat' dir='ltr'><strong>illius</strong></span> <span class='ocrx_word' id='word_1_243' title='bbox 1001 3252 1158 3307; x_wconf 54' lang='lat' dir='ltr'><strong>senten-1</strong></span> 
     </span>
     <span class='ocr_line' id='line_1_29' title="bbox 60 3341 1143 3435; baseline -0.006 -27"><span class='ocrx_word' id='word_1_244' title='bbox 60 3341 126 3408; x_wconf 76' lang='lat' dir='ltr'><strong>liam</strong></span> <span class='ocrx_word' id='word_1_245' title='bbox 139 3349 260 3412; x_wconf 83' lang='lat' dir='ltr'><strong>merito</strong></span> <span class='ocrx_word' id='word_1_246' title='bbox 272 3349 510 3435; x_wconf 75' lang='lat' dir='ltr'><strong>improbamus,</strong></span> <span class='ocrx_word' id='word_1_247' title='bbox 532 3346 579 3408; x_wconf 84' lang='lat' dir='ltr'><strong>ita</strong></span> <span class='ocrx_word' id='word_1_248' title='bbox 594 3358 628 3410; x_wconf 88' lang='lat' dir='ltr'><strong>et</strong></span> <span class='ocrx_word' id='word_1_249' title='bbox 646 3343 910 3411; x_wconf 85' lang='lat' dir='ltr'><strong>Christianorum</strong></span> <span class='ocrx_word' id='word_1_250' title='bbox 923 3349 1063 3410; x_wconf 89' lang='lat' dir='ltr'><strong>istorum</strong></span> <span class='ocrx_word' id='word_1_251' title='bbox 1084 3363 1143 3403; x_wconf 86' lang='lat' dir='ltr'><strong>vo-</strong></span> 
     </span>
     <span class='ocr_line' id='line_1_30' title="bbox 59 3441 1207 3538; baseline 0.003 -37"><span class='ocrx_word' id='word_1_252' title='bbox 59 3441 187 3510; x_wconf 84' lang='lat' dir='ltr'><strong>luntario</strong></span> <span class='ocrx_word' id='word_1_253' title='bbox 210 3451 340 3533; x_wconf 86' lang='lat' dir='ltr'><strong>impetu</strong></span> <span class='ocrx_word' id='word_1_254' title='bbox 367 3447 407 3512; x_wconf 82' lang='lat' dir='ltr'><strong>ud</strong></span> <span class='ocrx_word' id='word_1_255' title='bbox 432 3448 629 3538; x_wconf 79' lang='lat' dir='ltr'><strong>martyrium</strong></span> <span class='ocrx_word' id='word_1_256' title='bbox 654 3450 825 3512; x_wconf 83' lang='lat' dir='ltr'><strong>ruentium</strong></span> <span class='ocrx_word' id='word_1_257' title='bbox 847 3450 985 3530; x_wconf 82' lang='lat' dir='ltr'><strong>gloriam</strong></span> <span class='ocrx_word' id='word_1_258' title='bbox 1002 3447 1141 3531; x_wconf 84' lang='lat' dir='ltr'><strong>probare</strong></span> <span class='ocrx_word' id='word_1_259' title='bbox 1202 3445 1207 3452; x_wconf 84' lang='grc'><em>“</em></span> 
     </span>
     <span class='ocr_line' id='line_1_31' title="bbox 59 3549 1141 3636; baseline -0.003 -28"><span class='ocrx_word' id='word_1_260' title='bbox 59 3563 114 3608; x_wconf 82' lang='grc' dir='ltr'><strong>ιιι</strong></span> <span class='ocrx_word' id='word_1_261' title='bbox 126 3571 310 3634; x_wconf 86' lang='lat' dir='ltr'><strong>possumus.</strong></span> <span class='ocrx_word' id='word_1_262' title='bbox 354 3549 442 3614; x_wconf 88' lang='lat' dir='ltr'><strong>Num</strong></span> <span class='ocrx_word' id='word_1_263' title='bbox 458 3569 539 3612; x_wconf 80' lang='lat' dir='ltr'><strong>varo</strong></span> <span class='ocrx_word' id='word_1_264' title='bbox 558 3559 592 3612; x_wconf 85' lang='lat' dir='ltr'><strong>st</strong></span> <span class='ocrx_word' id='word_1_265' title='bbox 607 3551 644 3612; x_wconf 89' lang='lat' dir='ltr'><strong>iu</strong></span> <span class='ocrx_word' id='word_1_266' title='bbox 662 3569 703 3614; x_wconf 80' lang='lat' dir='ltr'><strong>eo</strong></span> <span class='ocrx_word' id='word_1_267' title='bbox 716 3553 814 3636; x_wconf 87' lang='lat' dir='ltr'><strong>plane</strong></span> <span class='ocrx_word' id='word_1_268' title='bbox 827 3573 901 3613; x_wconf 90' lang='lat' dir='ltr'><strong>cum</strong></span> <span class='ocrx_word' id='word_1_269' title='bbox 911 3549 1053 3633; x_wconf 86' lang='lat' dir='ltr'><strong>Epicuro</strong></span> <span class='ocrx_word' id='word_1_270' title='bbox 1067 3565 1141 3606; x_wconf 87' lang='lat' dir='ltr'><strong>sen-</strong></span> 
     </span>
     <span class='ocr_line' id='line_1_32' title="bbox 59 3647 1170 3730; baseline 0.007 -24"><span class='ocrx_word' id='word_1_271' title='bbox 59 3649 144 3730; x_wconf 81' lang='lat' dir='ltr'><strong>serit,</strong></span> <span class='ocrx_word' id='word_1_272' title='bbox 173 3656 320 3718; x_wconf 82' lang='lat' dir='ltr'><strong>otiosam</strong></span> <span class='ocrx_word' id='word_1_273' title='bbox 341 3650 451 3716; x_wconf 86' lang='lat' dir='ltr'><strong>Deum</strong></span> <span class='ocrx_word' id='word_1_274' title='bbox 475 3652 619 3730; x_wconf 82' lang='lat' dir='ltr'><strong>faciens,</strong></span> <span class='ocrx_word' id='word_1_275' title='bbox 651 3653 817 3715; x_wconf 85' lang='lat' dir='ltr'><strong>nonsatis</strong></span> <span class='ocrx_word' id='word_1_276' title='bbox 838 3650 982 3715; x_wconf 82' lang='lat' dir='ltr'><strong>indicat:</strong></span> <span class='ocrx_word' id='word_1_277' title='bbox 1005 3669 1082 3711; x_wconf 82' lang='lat' dir='ltr'><strong>nom</strong></span> <span class='ocrx_word' id='word_1_278' title='bbox 1103 3647 1170 3730; x_wconf 71' lang='lat' dir='ltr'><strong>iu,</strong></span> 
     </span>
     <span class='ocr_line' id='line_1_33' title="bbox 60 3740 1140 3838; baseline -0.005 -22"><span class='ocrx_word' id='word_1_279' title='bbox 60 3745 114 3818; x_wconf 60' lang='lat'><em>1⁰¹).</em></span> <span class='ocrx_word' id='word_1_280' title='bbox 128 3750 213 3838; x_wconf 61' lang='lat' dir='ltr'><strong>Cotfi</strong></span> <span class='ocrx_word' id='word_1_281' title='bbox 232 3777 259 3820; x_wconf 77' lang='lat' dir='ltr'><strong>c.</strong></span> <span class='ocrx_word' id='word_1_282' title='bbox 277 3761 328 3824; x_wconf 74' lang='lat'><strong>10.</strong></span> <span class='ocrx_word' id='word_1_283' title='bbox 344 3753 423 3818; x_wconf 79' lang='lat' dir='ltr'><strong>Jovi</strong></span> <span class='ocrx_word' id='word_1_284' title='bbox 438 3751 574 3828; x_wconf 76' lang='lat' dir='ltr'><strong>dicenti,</strong></span> <span class='ocrx_word' id='word_1_285' title='bbox 600 3753 647 3816; x_wconf 83' lang='grc' dir='ltr'><strong>Τιι</strong></span> <span class='ocrx_word' id='word_1_286' title='bbox 660 3740 882 3830; x_wconf 61' lang='lat' dir='ltr'><strong>virescentium,</strong></span> <span class='ocrx_word' id='word_1_287' title='bbox 906 3752 1020 3821; x_wconf 70' lang='lat' dir='ltr'><strong>nullom</strong></span> <span class='ocrx_word' id='word_1_288' title='bbox 1032 3773 1086 3814; x_wconf 81' lang='lat' dir='ltr'><strong>nos</strong></span> <span class='ocrx_word' id='word_1_289' title='bbox 1099 3760 1140 3812; x_wconf 85' lang='grc' dir='ltr'><strong>ἰϊ</strong></span> 
     </span>
     <span class='ocr_line' id='line_1_34' title="bbox 60 3849 1140 3941; baseline 0.002 -29"><span class='ocrx_word' id='word_1_290' title='bbox 60 3875 112 3912; x_wconf 84' lang='lat' dir='ltr'><strong>rum</strong></span> <span class='ocrx_word' id='word_1_291' title='bbox 133 3855 327 3918; x_wconf 71' lang='lat' dir='ltr'><strong>humationem</strong></span> <span class='ocrx_word' id='word_1_292' title='bbox 344 3849 445 3918; x_wconf 78' lang='lat' dir='ltr'><strong>curum</strong></span> <span class='ocrx_word' id='word_1_293' title='bbox 465 3854 575 3938; x_wconf 71' lang='lat' dir='ltr'><strong>ogere?</strong></span> <span class='ocrx_word' id='word_1_294' title='bbox 603 3854 799 3941; x_wconf 82' lang='lat' dir='ltr'><strong>respondet,</strong></span> <span class='ocrx_word' id='word_1_295' title='bbox 821 3855 891 3916; x_wconf 82' lang='lat' dir='ltr'><strong>Non</strong></span> <span class='ocrx_word' id='word_1_296' title='bbox 905 3877 1002 3914; x_wconf 73' lang='lat' dir='ltr'><strong>narum</strong></span> <span class='ocrx_word' id='word_1_297' title='bbox 1017 3853 1075 3915; x_wconf 75' lang='lat' dir='ltr'><strong>hoc</strong></span> <span class='ocrx_word' id='word_1_298' title='bbox 1089 3869 1140 3914; x_wconf 84' lang='lat' dir='ltr'><strong>ert.</strong></span> 
     </span>
     <span class='ocr_line' id='line_1_35' title="bbox 57 3950 1144 4044; baseline 0.001 -27"><span class='ocrx_word' id='word_1_299' title='bbox 57 3950 267 4037; x_wconf 76' lang='lat' dir='ltr'><strong>ttisieretas,</strong></span> <span class='ocrx_word' id='word_1_300' title='bbox 288 3959 418 4044; x_wconf 86' lang='lat' dir='ltr'><strong>scipso</strong></span> <span class='ocrx_word' id='word_1_301' title='bbox 441 3957 477 4020; x_wconf 82' lang='lat' dir='ltr'><strong>icl</strong></span> <span class='ocrx_word' id='word_1_302' title='bbox 500 3957 598 4020; x_wconf 83' lang='lat' dir='ltr'><strong>tacite</strong></span> <span class='ocrx_word' id='word_1_303' title='bbox 615 3959 812 4042; x_wconf 72' lang='lat' dir='ltr'><strong>exprobrari</strong></span> <span class='ocrx_word' id='word_1_304' title='bbox 830 3956 926 4034; x_wconf 80' lang='lat' dir='ltr'><strong>Jori,</strong></span> <span class='ocrx_word' id='word_1_305' title='bbox 948 3975 1044 4038; x_wconf 80' lang='lat' dir='ltr'><strong>quasi</strong></span> <span class='ocrx_word' id='word_1_306' title='bbox 1033 3955 1144 4018; x_wconf 81' lang='lat' dir='ltr'><strong>velit</strong></span> 
     </span>
     <span class='ocr_line' id='line_1_36' title="bbox 56 4050 1179 4164; baseline 0.001 -50"><span class='ocrx_word' id='word_1_307' title='bbox 56 4050 218 4122; x_wconf 74' lang='lat' dir='ltr'><strong>Lucinam:</strong></span> <span class='ocrx_word' id='word_1_308' title='bbox 210 4073 465 4164; x_wconf 82' lang='lat' dir='ltr'><strong>·n,onopusest</strong></span> <span class='ocrx_word' id='word_1_309' title='bbox 474 4059 612 4123; x_wconf 89' lang='lat' dir='ltr'><strong>uthoca</strong></span> <span class='ocrx_word' id='word_1_310' title='bbox 626 4079 680 4132; x_wconf 87' lang='lat' dir='ltr'><strong>me</strong></span> <span class='ocrx_word' id='word_1_311' title='bbox 698 4062 872 4146; x_wconf 84' lang='lat' dir='ltr'><strong>probetur,</strong></span> <span class='ocrx_word' id='word_1_312' title='bbox 884 4070 919 4119; x_wconf 83' lang='lat' dir='ltr'><strong>te</strong></span> <span class='ocrx_word' id='word_1_313' title='bbox 935 4055 1142 4140; x_wconf 86' lang='lat' dir='ltr'><strong>euiiuipsum</strong></span> <span class='ocrx_word' id='word_1_314' title='bbox 1176 4089 1179 4092; x_wconf 58' lang='lat'><strong>&lt;</strong></span> 
     </span>
     <span class='ocr_line' id='line_1_37' title="bbox 56 4150 1143 4268; baseline -0.002 -49"><span class='ocrx_word' id='word_1_315' title='bbox 56 4155 111 4220; x_wconf 88' lang='lat' dir='ltr'><strong>hoc</strong></span> <span class='ocrx_word' id='word_1_316' title='bbox 122 4162 244 4228; x_wconf 84' lang='lat' dir='ltr'><strong>melius</strong></span> <span class='ocrx_word' id='word_1_317' title='bbox 257 4150 388 4230; x_wconf 68' lang='lat' dir='ltr'><strong>mearet</strong></span> <span class='ocrx_word' id='word_1_318' title='bbox 401 4165 539 4250; x_wconf 82' lang='lat' dir='ltr'><strong>probare</strong></span> <span class='ocrx_word' id='word_1_319' title='bbox 555 4163 621 4227; x_wconf 82' lang='lat' dir='ltr'><strong>tuis</strong></span> <span class='ocrx_word' id='word_1_320' title='bbox 638 4161 833 4242; x_wconf 85' lang='lat' dir='ltr'><strong>actionibus,</strong></span> <span class='ocrx_word' id='word_1_321' title='bbox 847 4177 877 4225; x_wconf 85' lang='grc' dir='ltr'><strong>ιι</strong></span> <span class='ocrx_word' id='word_1_322' title='bbox 867 4158 953 4268; x_wconf 68' lang='lat' dir='ltr'><strong>iila</strong></span> <span class='ocrx_word' id='word_1_323' title='bbox 971 4160 1065 4266; x_wconf 82' lang='lat' dir='ltr'><strong>nobis</strong></span> <span class='ocrx_word' id='word_1_324' title='bbox 1076 4175 1143 4219; x_wconf 80' lang='lat' dir='ltr'><strong>cra</strong></span> 
     </span>
    </p>
   </div>
   <div class='ocr_carea' id='block_1_4' title="bbox 0 0 1376 4742">
    <p class='ocr_par' dir='ltr' id='par_1_4' title="bbox 0 0 1376 4742">
     <span class='ocr_line' id='line_1_38' title="bbox 0 0 1376 4742; baseline 0 7"><span class='ocrx_word' id='word_1_325' title='bbox 0 0 1376 4742; x_wconf 95' lang='lat' dir='ltr'><strong> </strong></span> 
     </span>
    </p>
   </div>
  </div>
 </body>
</html>
