2742 4742
178 423 266 484 xxvr
306 431 319 464 ι
408 419 504 474 ns·
539 414 841 495 anulus,
877 379 1072 470 'vius'
1142 433 1145 440 ·

177 567 323 642 obductu
331 570 495 646 occultare
502 567 924 650 sciret„eognominarstur.
933 567 1042 650 Hujus
1049 569 1293 658 philosophiae

176 671 352 766 (Ethicae)
366 691 403 738 se
415 669 651 741 admiratorem
671 671 777 736 fuisse
791 683 827 736 et
840 683 1053 760 metatorem,
1072 676 1146 758 ipsa
1156 677 1297 738 tutatur

177 783 217 848 in
233 777 320 842 Dirl.
337 777 520 854 Piscatoris,
548 773 608 838 ubi
625 774 749 858 apertis
764 775 878 839 verbis
891 774 1113 856 interroganti
1126 757 1292 865 Plrdoso-

177 885 282 970 phiee
294 878 482 974 pnofitetur,
504 876 632 966 duorum
646 878 756 938 ortium
778 900 810 950 se
823 883 962 969 seierum
973 903 1042 955 esse,
1064 877 1207 949 detondi
1219 881 1292 940 vir·-

177 982 287 1064 aute‘m,
310 1001 339 1046 et
354 980 432 1044 Odia
447 977 644 1063 prosequendi
659 980 743 1040 udin.
786 976 1014 1059 Saeslssimus
1032 993 1148 1045 antem
1160 979 1294 1046 sdver-

179 1109 237 1152 sus
252 1085 473 1175 philosophos
488 1071 554 1144 luit
567 1082 732 1144 virtutum
747 1080 885 1143 nomine
899 1083 1091 1164 abutentes,
1113 1084 1174 1170 qui
1188 1103 1292 1146 sum-

174 1191 230 1268 ,mi
245 1190 326 1255 boni
339 1189 414 1252 tice
431 1187 606 1260 honorem,
629 1183 770 1262 lucrum,
790 1184 1001 1266 uoluptatem
1013 1187 1185 1251 luxuriose
1197 1187 1294 1250 amb·

55 1343 58 1367 t
176 1295 279 1372 irent,
296 1287 718 1354 effaminuli.mimi·instsr
729 1282 902 1350 Achillem
917 1271 1162 1354 vei'Theseunr
1177 1287 1293 1375 stupri·

177 1407 328 1472 merent,
351 1393 487 1454 leonins
501 1391 592 1474 pelle
609 1385 738 1467 induti,
760 1385 805 1448 ad
818 1383 959 1471 Cumani
974 1393 1063 1456 asini
1079 1393 1292 1478 exemplum,

88 1524 91 1540 ,
146 1567 151 1582 ‚
177 1499 279 1577 barba
298 1497 475 1572 nimirum,
503 1493 655 1574 incessu,
682 1493 843 1574 indatio,
871 1492 1123 1580 philosophiam
1148 1492 1294 1579 mentiri

147 1652 151 1658 .
177 1595 427 1674 incantantis
443 1593 697 1664 contenderent.

268 1769 358 1849 Vives
372 1768 529 1858 equidem
549 1767 589 1836 sd
603 1769 881 1860 proscindendam
896 1769 1146 1856 philosophiam
1157 1767 1296 1834 invidia

177 1871 337 1938 Plator-cli
359 1869 605 1940 Chaeronensis
629 1875 813 1958 impulsum
839 1873 946 1936 fuisse
967 1875 1100 1954 scribit,
1128 1893 1226 1960 quem
1246 1872 1292 1932 in

177 1995 299 2056 magna
310 1977 444 2042 tortore
459 1993 533 2040 esse
548 1973 828 2066 spudTrajanum
843 1972 1018 2067 Geesurem
1033 1974 1161 2066 invitus
1177 1987 1211 2037 et
1224 1971 1291 2035 do-

176 2077 253 2143 lens
269 2073 421 2154 vidisset
446 2075 529 2158 [sad
548 2091 643 2150 erret¹
657 2078 765 2156 Vives,
787 2090 827 2142 ut
841 2075 985 2156 Vossius,
1004 2089 1082 2164 post
1094 2088 1216 2164 paucas
1227 2096 1293 2162 pa·

92 2173 95 2183 ’
177 2181 273 2264 gloss
287 2177 503 2263 adlegandus,
526 2178 703 2264 ostendit]

263 2347 406 2414 l'oIitiea
422 2352 524 2416 etiem
542 2365 577 2416 et
592 2351 820 2418 oeconomiae
828 2350 997 2416 studiosus
1009 2353 1086 2434 fuit,
1101 2349 1295 2438 quodidem

176 2451 299 2536 scripta
316 2453 387 2530 ejus
402 2465 585 2519 testantur:
609 2451 648 2518 ut'
660 2474 735 2518 cum
748 2459 817 2534 jem
832 2455 955 2533 senior,
978 2454 1067 2540 quod
1080 2454 1192 2518 scribit
1203 2453 1326 2538 citos,

145 2561 150 2574 '
179 2553 339 2636 Cognatus,
354 2557 390 2617 in
405 2557 516 2621 sulam
531 2569 565 2620 et
578 2557 746 2622 familiam
761 2551 910 2622 Caesaris
926 2577 963 2619 se
978 2557 1185 2636 contulisset,
1197 2555 1295 2620 Pro-

14 2665 15 2672 ’
69 2717 74 2728 ,
176 2656 339 2728 curatoris
352 2655 516 2745 Principis
535 2657 762 2724 conditionem
775 2660 949 2746 acceperit.
1119 2667 1125 2675 '

265 2827 368 2909 Quod
386 2827 429 2894 ad
448 2831 736 2908 exercitationem,
759 2829 874 2897 docuit
887 2836 968 2897 viva
981 2851 1084 2912 voce,
1096 2822 1142 2897 ‘et
1153 2829 1294 2916 scriptis

176 2933 335 2998 similiter
346 2917 511 2996 inclaruit.¹
540 2931 663 2997 Adhuc
677 2937 837 3015 juvenem
849 2936 886 3000 in
902 2932 1020 3010 Gallia,
1044 2947 1079 2998 et
1093 2935 1168 2997 aliis
1182 2934 1294 2996 inlo-

176 3036 224 3096 cis
247 3033 464 3098 Rhetorioam
485 3035 675 3122 professum
697 3033 734 3098 se
749 3053 842 3116 esse,
871 3023 1190 3124 ipsemettsstaturt
1218 3058 1292 3123 quo

106 3157 108 3162 ·
177 3157 247 3200 non
263 3134 473 3224 succedente,
496 3150 535 3201 ut
551 3135 663 3199 Sutria:
678 3139 771 3220 vult,
795 3139 839 3204 sd
856 3136 1068 3205 scribendum
1082 3159 1119 3201 se
1130 3139 1291 3204 contulit.-

153 3341 155 3346 ·
178 3385 183 3400 Ι
263 3305 350 3370 Sunt
365 3313 566 3393 autem'ejus
581 3310 702 3398 scripta
718 3333 817 3399 quam
829 3299 987 3398 plurima,
997 3331 1140 3398 quorum
1155 3323 1296 3375 caussas

175 3429 306 3492 omnes,
329 3424 452 3496 quanta
466 3413 580 3476 licebit
595 3415 771 3495 brevitate,
793 3414 1073 3479 enumerabimus.
1101 3412 1296 3482 Finisillov·

173 3533 251 3578 rum
267 3513 333 3576 fuit
347 3513 472 3578 veritas
487 3523 523 3575 et
545 3517 653 3582 virtus
676 3502 879 3595 adserenda,
903 3526 943 3581 'et
959 3528 997 3580 ut
1015 3517 1071 3580 vel
1083 3515 1153 3579 suis
1168 3518 1296 3582 saltem

173 3615 314 3704 monitis
328 3619 520 3707 exorbitaps
532 3617 718 3686 humanum
734 3639 839 3702 genus
858 3621 897 3684 in
916 3622 1012 3687 tiam
1022 3617 1166 3702 rediret,
1187 3631 1222 3683 st
1235 3637 1293 3684 sa·

173 3737 257 3808 pere
271 3715 425 3784 distaret.

260 3887 384 3955 Verbis
399 3889 442 3956 ad
456 3891 520 3956 hoc
533 3913 614 3958 usus
628 3903 689 3975 esl,
713 3919 789 3962 cum
803 3893 951 3962 Asitsnus
964 3895 1078 3975 fuerit,
1093 3897 1202 3977 tersis,
1224 3895 1292 3960 in-

174 3995 275 4087 genio
291 3997 489 4060 semoribus
503 3997 571 4058 suis
585 4001 860 4080 congruentibus:
881 4012 950 4064 tem
963 4011 1040 4086 apta
1053 3999 1226 4080 facilitate,
1248 4011 1292 4063 ut

176 4105 387 4160 'communem
403 4097 565 4184 loquendi
586 4101 789 4182 elegantium
799 4104 886 4166 miro
900 4121 1054 4167 successu
1069 4102 1291 4190 expresserit,

176 4199 343 4286 ¹rebusque
359 4195 508 4266 dicendis
528 4199 806 4290 adcommodsrit,
827 4215 867 4271 ut
882 4205 990 4292 atjhis
1011 4205 1159 4272 simulet
1175 4205 1291 4270 iisle-
