2742 4742
193 515 196 532 Ι
236 445 379 500 uxxvttt
491 441 729 490 Lucienus
755 441 851 490 Mill
885 441 1136 491 sntuvanrt

1030 522 1041 548 l

236 596 434 670 universos,
456 586 518 654 sed
539 587 699 670 exiguum
722 607 840 652 eorum
855 609 1051 669 numerum,
1074 611 1137 654 nec
1159 609 1259 652 suurn
1278 591 1340 652 irae

235 707 273 770 in
292 717 329 759 re
352 691 515 774 judicium
528 702 708 775 sequutus,
732 689 791 754 sed
809 692 1002 777 opinionem
1021 689 1143 769 Celet,
1167 712 1251 777 quae
1271 702 1341 755 tum

180 849 185 854 .
239 796 424 863 communis
441 806 513 856 erat
531 793 681 856 omnium
696 787 1148 880 gentilium,anianoque
1160 776 1342 859 tento-faci·

236 899 304 964 lius
319 909 451 985 poteret
465 891 675 981 persuaderi,
699 885 947 980 quantomagis
971 915 1046 958 eenr
1058 915 1112 958 res
1131 897 1222 981 ipsu,
1243 915 1341 981 quam

185 993 208 1084 J
240 999 392 1082 ridebat,
414 997 589 1080 Peregrini
607 1015 720 1077 more,
742 999 958 1083 comprobare
979 995 1167 1060 ridebatur.

323 1201 389 1270 ΙΙΙ.
414 1202 492 1283 Oua
506 1221 542 1264 re
556 1202 586 1265 si
601 1197 681 1285 qnid
693 1202 732 1278 in
750 1195 956 1264 Christianos
973 1200 1148 1278 commisit,
1165 1217 1342 1284 eorumque

165 1363 169 1369 .
240 1310 351 1374 famae
368 1319 468 1395 etque
486 1303 730 1368 existimationi
744 1301 905 1377 detraxit,
928 1300 1060 1366 abunde
1074 1299 1111 1364 r‘d
1126 1303 1202 1366 aliis
1217 1306 1343 1386 scriptis

241 1409 491 1498 compensavit,
522 1401 645 1493 qusppe
667 1405 725 1489 qui
747 1423 845 1481 mox,
874 1399 1009 1466 Titiani
1026 1405 1180 1468 oratione
1207 1411 1345 1468 rectiora

241 1513 399 1590 edoctus,
421 1511 576 1585 illorum,
608 1525 693 1593 quoe
716 1517 832 1592 aperte
853 1507 1025 1583 laesisset,
1058 1527 1207 1572 causeam
1229 1509 1344 1572 tacitus

242 1615 439 1694 suffragator
453 1611 654 1697 susciperet,
677 1610 871 1693 aequalibus
886 1619 974 1671 tecte
989 1606 1252 1690 commendaret,
1273 1634 1344 1675 sua·

238 1737 309 1801 que
322 1717 426 1804 etiarn·
441 1711 527 1778 dicta
543 1723 620 1778 cuin
635 1712 790 1802 populari
805 1719 867 1774 suo
885 1723 920 1774 st
933 1714 1067 1798 aequali
1081 1714 1202 1776 miram
1215 1715 1254 1776 in
1266 1736 1344 1778 con·-

241 1815 391 1884 cordium
407 1815 584 1898 redigeret.
606 1899 615 1908 .

226 2083 234 2107 ,
327 2021 392 2088 IV‘.
413 2019 455 2088 Itl
472 2041 515 2086 ne
529 2031 657 2084 temere
673 2018 800 2083 dietum
816 2019 1033 2098 arbitremur,
1053 2017 1166 2102 ipsum
1180 2015 1346 2080 Luciini

128 2146 132 2156 '
243 2126 417 2214 ingenium
437 2124 471 2188 K
478 2141 664 2188 estnerus
686 2119 860 2185 attendere
878 2141 940 2186 nos
955 2122 1059 2199 jubet.
1082 2117 1152 2198 Qui
1165 2143 1271 2207 quum
1288 2141 1348 2184 ne.

244 2228 331 2293 ruini
349 2246 506 2310 umquam
521 2229 728 2310 pepercerit,
750 2243 855 2308 quum
869 2223 996 2284 nullam
1019 2221 1171 2284 omiserit
1189 2233 1349 2308 opportu-

245 2333 388 2393 nitatem
403 2327 600 2407 cavillandi,
623 2347 692 2388 non
712 2322 875 2411 credibile
892 2341 986 2401 esee,
1007 2322 1044 2385 in
1069 2333 1159 2385 tanta
1183 2325 1347 2394 librorum,

154 2516 156 2522 Ι
245 2449 330 2516 quoe
354 2429 522 2506 emiserit,
553 2429 647 2516 copia
667 2427 745 2488 unis
764 2445 843 2488 eom
862 2425 1052 2510 pepercisse
1075 2422 1291 2502 Christianis,
1318 2427 1350 2487 in

247 2541 427 2619 conspectu
444 2530 596 2595 omniurn
614 2529 733 2613 positis
748 2539 784 2590 et
799 2525 1002 2590 Graecorum
1021 2523 1101 2591 odio
1118 2528 1349 2602 laborantibus,

248 2634 315 2698 nisi
338 2651 472 2698 cnussae
489 2631 625 2694 illorum
648 2632 801 2694 feriaret.
1173 2615 1176 2619 ’

332 2835 378 2900 V.
400 2833 629 2922 Esnrdemque
646 2855 720 2898 rem
735 2839 879 2896 testatur
889 2830 975 2895 liber
987 2829 1175 2910 Luciumue,
1191 2832 1350 2919 quisnam

247 2939 395 3006 vicissim
414 2939 522 3002 lucem
543 2935 624 3000 inde
644 2936 782 3020 recipit,
805 2955 871 3019 qno
887 2935 971 2998 falsa
986 2931 1252 2998 Christianorum
1269 2949 1353 2998 secta

249 3065 268 3104 a
286 3039 440 3122 genuinis
453 3038 651 3102 Christianis
675 3039 723 3100 ita
739 3035 961 3113 discernitur,
982 3049 1020 3098 ut
1037 3037 1160 3100 haruin
1181 3047 1353 3122 patronum

250 3163 326 3208 sese
343 3163 380 3209 ac
395 3141 562 3208 vindicem
579 3141 730 3228 profiteri
752 3139 972 3200 Lucienus
989 3159 1064 3201 non
1078 3136 1295 3204 dubitaverit.

337 3348 393 3414 Sic
409 3348 562 3435 exposita
576 3365 699 3425 rerum,
710 3365 791 3431 ques
806 3334 1024 3406 Kestria-ur
1036 3341 1203 3422 tractarit,
1217 3359 1352 3417 summa,

250 3453 422 3540 sequitur,
444 3461 481 3514 ut
499 3449 540 3513 de
557 3450 698 3530 siugulis·
714 3446 900 3537 uideamus.

336 3659 389 3726 Ao
410 3657 555 3744 primum
580 3655 716 3740 quidem
739 3655 951 3719 concedimus
975 3652 1050 3720 uiro
1066 3649 1281 3729 «lectissim,
1299 3669 1357 3730 pa-

252 3766 343 3826 tairre
355 3763 449 3826 illam
465 3757 634 3824 sentiendi
649 3755 882 3842 scrilrendiqne
896 3757 1104 3835 libertatem,
1126 3774 1192 3841 qua
1204 3754 1266 3811 Lu
1277 3756 1357 3812 cir-

211 3885 215 3894 ·
251 3891 326 3928 nus
352 3855 513 3938 eminuit,
537 3866 577 3924 en'
595 3862 729 3942 valere,
750 3871 790 3925 ut
814 3857 953 3946 depulsa
977 3858 1254 3946 superstitionum
1277 3851 1356 3914 cali-

253 3971 350 4048 gine,
372 3977 467 4030 tanto
490 3963 621 4028 facilius
647 3972 834 4046 emergeret
852 3959 1059 4026 Christianae
1074 3957 1249 4022 doctrinae
1266 3951 1358 4017 reri·

251 4081 320 4147 tus3
342 4065 402 4130 sed
417 4065 603 4132 cauendum
619 4075 733 4128 tamen
746 4078 913 4150 putamus,
931 4085 974 4128 ne
986 4061 1066 4126 lruic
1080 4060 1131 4124 rei
1146 4057 1240 4144 plus,
1262 4073 1357 4142 qnam

252 4171 339 4236 ratio
356 4173 423 4235 fert
436 4179 470 4230 et
485 4165 710 4252 experientia,
732 4169 928 4234 tribuamus.
972 4166 1046 4232 Nisi
1061 4168 1149 4229 torte
1166 4160 1272 4222 etiam
1285 4155 1357 4218 Eu-
