2742 4742
136 425 636 507 eoarrrrsous
686 424 1147 488 eversurum

42 591 86 656 dri
105 587 301 675 impostoris
321 604 366 648 ex
382 579 524 645 Lucinae
538 585 691 656 enerrat,'
707 574 808 664 quam
826 575 875 638 e'r
887 574 999 640 Nostro
1018 587 1147 668 poten-1

40 693 111 780 dam
126 713 200 756 non
219 699 432 774 repetemus,
456 683 541 756 baec
563 693 677 744 tamen
701 699 746 742 ex
760 701 794 763 p.
806 684 883 748 713.
900 697 971 766 seq.
988 681 1031 747 ad
1045 695 1146 748 m..

42 809 105 858 rem
120 788 427 874 Lucionikfacientia
440 803 510 850 non
524 783 735 846 omittemus:
752 781 779 847 Ε
780 802 855 845 ama
861 781 1053 848 Alexandri
1062 803 1147 852 mox
1257 868 1259 875 Ι

41 897 72 958 in
86 873 338 976 ltnlionrueque
356 887 465 952 delata
488 897 556 966 est,
580 894 615 950 et
630 885 877 955 venerabantur
897 905 976 952 eum
989 891 1094 956 etiam
1105 893 1147 958 in

43 999 111 1059 aula
132 995 184 1058 M.
200 991 345 1072 {Aurelia
375 989 434 1054 ubi
451 1001 629 1074 patronum
649 983 1010 1070 beautitudinem,
1031 993 1147 1060 vitm
1209 1035 1215 1044 .

43 1100 161 1186 primae
179 1095 371 1178 dignitatis,
393 1089 454 1155 sed
467 1085 647 1154 admodum
661 1088 949 1176 superstitiosum,
965 1091 1088 1179 quique
1102 1115 1146 1165 ao

45 1201 227 1264 dementiae
240 1195 421 1283 processit,
444 1201 481 1254 ut
494 1203 605 1256 aetate
628 1189 729 1254 valdo
749 1193 900 1277 prolecta
916 1193 1023 1258 filiam
1040 1197 1145 1278 hujus

44 1302 228 1388 impostoris
257 1297 411 1375 ducaret,
451 1289 588 1356 eredens
613 1289 749 1357 Lunam
783 1295 856 1374 ejus
884 1313 959 1360 esse
988 1309 1145 1364 matrem.

44 1402 131 1466 Falsa
139 1421 225 1490 quae
235 1395 386 1462 ediderat
399 1395 532 1460 oracula
542 1393 701 1456 Serrano
711 1405 746 1458 et
754 1395 882 1458 Vindici
888 1395 1031 1463 ducibus
1039 1421 1145 1466 exer-

48 1506 161 1568 cituum
177 1501 418 1578 Romanorum,
428 1492 606 1581 (Pseudom.
625 1494 973 1578 c.27.)auctorilatem
985 1503 1058 1580 ejus
1073 1522 1144 1566 non

46 1607 234 1670 minuebant
246 1602 283 1662 in
298 1599 468 1662 mentibus
478 1597 633 1680 illorum,
656 1619 742 1688 quos
758 1597 901 1664 daemon
915 1602 1065 1688 captivos
1085 1617 1146 1688 ten,

50 1709 132 1788 nuit,
153 1707 278 1794 quique
294 1703 485 1783 merebant,
507 1711 546 1763 ot
565 1700 701 1786 spiritui
720 1701 841 1764 erroris
860 1681 1144 1788 relinquerdadr‘r'r,

50 1819 83 1869 ut
94 1805 264 1880 crederent
277 1801 470 1884 mendacio,
492 1801 583 1890 quod
600 1823 667 1866 non
681 1817 879 1890 receperant
897 1823 935 1867 ac
954 1801 1145 1872 dilexerant

54 1911 227 1989 ceritatem,
238 1927 241 1932 ·
251 1925 337 1994 quae
351 1924 409 1972 eos
424 1902 468 1967 ad
487 1907 631 1970 salutem
643 1903 868 1989 perduxisset.

124 2131 169 2196 Eo
180 2149 284 2218 porro
297 2128 499 2194 insolentiae
512 2145 707 2213 progressus
726 2139 797 2203 est,
820 2136 859 2191 nt
880 2127 922 2192 ab
934 2125 1145 2214 Imperatore
1204 2139 1208 2146 '

58 2235 171 2299 reniam
198 2243 333 2315 rogaret
360 2241 517 2296 monetae
546 2227 816 2314 percutiendae,'
848 2249 934 2316 quaa
959 2231 1143 2313 imaginem

56 2340 186 2400 suamab
199 2339 306 2402 altera
323 2343 436 2420 parte,
459 2343 495 2395 et
508 2329 724 2416 Glyconisab
745 2333 848 2396 altera
870 2333 1021 2398 referret.
1064 2332 1149 2402 Nom

56 2435 185 2518 additur,
200 2457 285 2502 num
298 2433 334 2498 id
347 2435 539 2500 obtinuerit.
564 2433 642 2517 [sed
655 2445 807 2518 exparte
821 2435 1009 2499 obtinuisse
1021 2435 1142 2526 existi:

56 2551 112 2602 met
122 2539 252 2603 Salanus
266 2538 301 2600 in
316 2549 395 2604 nola
410 2535 454 2602 ed
467 2560 495 2603 c.
509 2541 562 2608 68.
583 2535 762 2620 Pandam]
1050 2548 1054 2553 ’

122 2734 223 2802 Fraus
237 2732 373 2798 tandem
389 2731 491 2800 desiit
502 2745 610 2800 morte
630 2733 834 2822 impostoris.
855 2767 901 2783 -
919 2733 1027 2800 Periit
1048 2731 1143 2803 eom

55 2835 385 2914 antemuralem,
416 2837 468 2918 (si
495 2837 555 2900 ille
585 2835 677 2901 idern
700 2850 752 2902 est
770 2835 988 2914 Alexander)
1005 2833 1049 2899 de
1073 2856 1141 2922 quo

54 2939 248 3022 Athenagorae
260 2961 294 3025 p.
308 2944 351 3005 29
369 2951 404 3029 et
426 2945 479 3007 30.
496 2940 560 3019 ait,
584 2939 898 3008 circaannum180.
919 2939 1066 3026 conspici
1080 2957 1143 3002 ee-
1220 2975 1227 2998 ,

55 3043 187 3123 pulcrum
207 3045 249 3106 in
263 3059 357 3120 area,
383 3040 498 3124 grande
514 3041 605 3124 ploce
623 3038 717 3125 (loro
735 3045 885 3122 majore)
907 3041 1026 3110 l’ariae
1048 3041 1143 3106 orbis

54 3137 268 3228 Hellesponti,
289 3145 326 3208 in
345 3143 531 3229 eodemque
549 3147 623 3208 foro
647 3153 756 3208 statua
770 3131 873 3208 etiam
897 3157 969 3210 erat
981 3143 1143 3218 Alexan-‚-

57 3239 113 3323 dri,
135 3249 185 3311 cui
203 3247 451 3312 sacrificabatur
469 3257 508 3310 ut
531 3243 622 3326 Deo,
652 3249 805 3331 tuamque
824 3246 958 3334 publica
978 3245 1144 3322 institue-2

55 3343 174 3430 bantur,
197 3367 260 3435 spe
273 3345 476 3413 obtinendae
490 3347 674 3412 sanationis
687 3368 708 3409 a
719 3348 824 3412 variis
836 3348 970 3416 morbis.

126 3543 279 3608 Ladmus
292 3541 428 3609 tandem
444 3563 599 3610 accusare
613 3541 847 3609 Alexandrum
865 3545 1013 3610 tentarit
1034 3561 1145 3610 corum

56 3646 202 3724 praelecto
226 3645 406 3728 Bithyniae
436 3659 471 3711 et
487 3644 608 3712 Ponti:
640 3645 700 3709 sed
719 3667 795 3712 cum
817 3647 907 3710 nibil
932 3646 1102 3712 obtineret
1123 3665 1145 3709 a
1268 3657 1273 3666 '

55 3748 202 3822 praelecto
241 3759 434 3830 metuente,
482 3769 526 3814 ua
570 3746 782 3812 Rutiliauum
819 3746 1022 3829 offenderet,
1071 3766 1144 3828 non

56 3844 139 3910 aliam
161 3845 321 3944 Ledaeus
346 3849 388 3915 de
417 3851 617 3918 Alexandro
644 3847 830 3919 vindictam
859 3871 993 3917 sumere
1018 3853 1147 3938 potnit‚'

56 3963 138 4027 quatu
160 3956 231 4030 ejus
250 3955 376 4034 vitam,
399 3969 575 4042 postquam
598 3955 756 4036 obiisset,
789 3953 975 4020 scribendo.
1025 3951 1081 4021 Ibi
1105 3973 1146 4020 se

54 4043 208 4116 inimicum
223 4057 296 4133 ejus
310 4057 501 4141 profitetur,
524 4055 675 4144 adeoque
688 4057 874 4124 accidentia
893 4058 1056 4145 quaedam
1077 4055 1145 4122 ad-

18 4201 20 4256 p
56 4139 162 4216 lidiae
179 4155 308 4246 potnit,
337 4157 456 4244 quibos
468 4161 560 4229 hunc
580 4162 801 4249 impostorem
813 4160 921 4244 ureris
938 4163 1140 4230 diffamaret·
