2742 4742
166 435 323 490 ‘actv
478 431 553 482 nn
605 426 906 498 aurare,
957 423 1125 478 vana

172 631 179 638 -
233 586 336 656 Alex.
353 605 378 650 s.
396 571 642 648 Pseudomant.''
655 577 682 660 l.
700 585 728 646 1.
744 585 780 674 et
793 574 878 660 48.)'
903 575 969 642 Illa
984 554 1217 642 Lousasus'et
1234 573 1333 640 hodie

232 676 484 782 perceleherest
500 682 820 771 scriptis'suis,quae
835 684 878 746 oh
890 681 1025 761 linguae
1042 677 1187 746 Graecae
1202 681 1333 766 purita-

232 811 302 860 tem
325 793 506 876 stilumque
530 785 694 874 politum,
722 781 922 865 jucundum,
957 781 1128 858 viridum,
1155 793 1201 845 et·
1214 781 1333 844 acumi-

143 956 147 964 .
218 901 284 964 “nis
306 901 454 982 plenum,
468 897 586 974 magna
600 909 675 954 cum
687 889 864 973 voluptate
873 887 1040 966 leguntur.
1064 881 1130 946 Sed
1144 883 1258 969 palam
1265 903 1334 968 pro·
1358 889 1359 960 j

231 1003 345 1066 litetur
360 1001 578 1085 impietatem,
599 1013 704 1081 aeque
718 993 926 1055 subsannans
943 1002 1058 1052 veram
1075 983 1331 1068 religionem‚de

115 1126 116 1132 ¹
232 1126 296 1190 qua
315 1103 456 1167 diversis
479 1101 517 1164 in
537 1099 619 1163 locis
639 1097 807 1191 loquitur,
837 1081 1146 1193 acauperst’itiones
1167 1086 1331 1151 Ethnico-

23 1264 27 1280 .
130 1241 132 1244 >
224 1225 322 1284 rum,
354 1224 433 1291 quaa
453 1219 536 1266 vere
558 1197 715 1263 ridiculas
742 1215 816 1260 esse
837 1191 1052 1256 demonstrat.
1102 1188 1184 1255 Inde
1208 1209 1330 1271 coguo-

202 1281 216 1309 ⁸
230 1329 309 1372 men
325 1305 514 1393 blasphemi
539 1301 574 1366 e't
589 1283 836 1378 Athei't'raxit,
857 1308 945 1363 teste
971 1293 1079 1357 saida.
1123 1289 1279 1377 Namque
1299 1303 1329 1352 et

228 1407 479 1498 philosophiam
498 1403 635 1492 Epicuri
655 1403 859 1479 sectabatur,
881 1391 927 1461 ut'
940 1393 1010 1458 vid.
1025 1380 1062 1458 in
1077 1394 1184 1481 ipsius
1201 1389 1328 1457 Lucina.

218 1511 350 1579 .Pseud.
368 1535 394 1574 c.
410 1491 477 1579 fils
489 1508 580 1570 Plus.
600 1511 719 1574 ctae.
733 1507 847 1588 paee.
864 1507 965 1586 (quae
978 1499 1019 1561 ab
1033 1499 1201 1562 atheisrno'
1216 1515 1327 1581 parum

230 1615 346 1702 distat)
372 1611 554 1699 uelpotius
575 1629 685 1695 neque
699 1607 763 1670 ulli
776 1603 931 1687 religioni
954 1599 1105 1665 addictus
1119 1601 1203 1679 fuit,
1227 1617 1327 1683 neque

229 1717 349 1799 dogma
371 1725 497 1780 certum
521 1727 555 1776 et
574 1723 728 1777 constans
746 1695 850 1786 fouit,
873 1705 986 1768 omnia
1001 1725 1083 1768 uero
1101 1715 1140 1766 ut
1152 1703 1281 1765 incerta
1293 1720 1324 1762 ac
1358 1724 1360 1728 ’

227 1817 468 1916 problematice
489 1812 719 1890 considerans,
743 1803 1033 1874 etomnia'ridere
1054 1806 1186 1870 volens.
1234 1799 1325 1884 Quod

168 1989 180 2016 l
227 1929 340 2014 ipsum
366 1921 504 2010 adparet
533 1940 576 1982 ex
600 1929 742 2002 quatuor
768 1910 940 1987 versibus,
970 1908 1027 1991 qui
1046 1921 1200 1990 tompore
1221 1905 1325 1970 Photii

228 2029 302 2106 ejus
316 2011 479 2110 operibus
487 2020 628 2110 praefixi
640 2017 846 2100 legebantur,
870 2008 1245 2094 [jamEpigrammatum
1260 2009 1327 2095 pri-

227 2127 321 2193 'mum
331 2131 404 2210 est]
422 2125 489 2195 Sed
505 2121 592 2210 qu'od
604 2133 779 2210 praeterea
793 2115 915 2202 scripta
929 2115 1002 2204 ejus
1017 2107 1128 2173 reddit
1139 2113 1233 2175 lectu
1249 2112 1326 2198 peri·

229 2233 359 2310 culosa,
388 2226 475 2294 illud
497 2239 564 2302 est,
589 2221 677 2310 quod
696 2238 796 2306 saepe
811 2238 880 2280 non
895 2218 1056 2294 majorem
1069 2209 1214 2298 pudori,
1234 2232 1324 2300 qnam

201 2355 206 2368 ·
227 2329 401 2412 religioni,
429 2325 655 2392 reverentiam
677 2320 827 2383 exhibet.
924 2366 927 2381 ,

314 2529 487 2600 Oriundus
501 2539 571 2593 erat
591 2521 775 2590 Samosatis
788 2520 825 2584 in
840 2517 948 2606 Syria,
968 2517 1053 2606 (vid.
1071 2519 1178 2603 Quom.
1199 2524 1284 2585 Bisa
1299 2542 1321 2582 a.

117 2684 123 2694 -
180 2693 183 2702 .
213 2631 298 2722 ¹24.)
327 2641 460 2716 fortuna
474 2632 585 2711 tenui,
608 2649 668 2712 per
686 2622 822 2712 aliquod
836 2635 970 2708 ternpus
985 2643 1117 2686 caussas
1131 2621 1240 2705 dixit,
1264 2620 1322 2702 (adi

224 2735 438 2830 praMercal.¹
452 2733 546 2800 Conci.
563 2733 588 2815 p.
604 2733 678 2805 ult.)
696 2741 732 2792 et
750 2736 901 2788 extrema
916 2712 1090 2788 sadectute
1104 2711 1230 2792 munus
1243 2727 1322 2792 Gra-

138 2845 141 2852 ’
225 2842 350 2934 phiarii
367 2839 528 2928 praelecti
541 2831 690 2916 Aegypti
703 2829 841 2914 accepit,
866 2829 965 2904 (conf.
977 2851 1033 2908 pra
1048 2825 1149 2890 Mcrc.
1161 2851 1190 2893 c.
1198 2835 1230 2899 5.
1247 2835 1275 2896 9,
1292 2834 1322 2890 at

227 2947 303 3032 12.)
328 2967 395 3012 non
413 2943 514 3006 aliam
529 2941 615 3000 forte
635 2931 845 2998 occasionem
858 2940 989 3006 nactus,
1011 2950 1078 3014 qua
1096 2943 1322 3016 paupertatem

226 3052 398 3132 effugeret.
429 3039 515 3130 (ipse
532 3051 595 3102 nos'
607 3047 640 3099 et
656 3036 722 3097 alia
735 3034 832 3118 plura
845 3029 1025 3110 singularia
1039 3029 1158 3096 desua
1175 3033 1248 3108 uita
1263 3032 1321 3097 do-

226 3165 293 3230 cet,
317 3168 402 3236 quae
416 3167 484 3208 non
498 3138 685 3205 necessaria
699 3135 857 3198 duximus
872 3135 1007 3195 referre.
1051 3131 1227 3217 Vidimus,
1250 3155 1320 3199 eum

224 3253 395 3340 scripsisse
410 3255 553 3332 canones
576 3259 652 3303 suos
674 3237 851 3300 historicos
865 3230 956 3296 haud
980 3236 1087 3301 serius
1100 3257 1190 3302 anno
1203 3237 1319 3304 Christi

224 3365 296 3428 166.
313 3339 685 3435 vitamqueAlexandri
702 3345 936 3424 postmortem
951 3333 1055 3401 Marci
1068 3336 1230 3425 Aurelii.)
1260 3337 1319 3404 Ita·

225 3481 290 3548 que
311 3478 380 3522 uon
406 3439 582 3538 possumus
601 3443 817 3530 sequtittos,
848 3439 974 3526 quiex
991 3442 1188 3506 hortatione
1210 3432 1318 3504 Satala:
1358 3413 1360 3434 Ι

225 3584 304 3626 eum
319 3557 522 3622 collocarunt
537 3550 574 3612 in
586 3559 718 3632 tempus
732 3543 870 3622 Traiani
886 3539 1021 3618 (Baton.
1039 3549 1109 3611 171.
1124 3543 1151 3626 ᾗ.
1169 3542 1226 3630 7.)
1247 3543 1319 3606 Sui-

225 3667 280 3726 dus
296 3658 399 3737 addit,
421 3649 552 3728 referri,
574 3668 651 3712 eum
672 3666 692 3712 a
708 3643 845 3725 canibus
860 3637 1063 3730 discerptum
1075 3646 1266 3725 interiisse,
1284 3647 1318 3707 in

224 3785 377 3854 poenam,
401 3755 490 3845 quod
505 3745 603 3818 ausus
617 3758 706 3813 esset
713 3745 863 3812 cavillari
883 3740 994 3808 Jssuss
1010 3741 1204 3829 Gauranum,
1220 3741 1318 3834 (quod

224 3875 338 3953 forsan
354 3885 395 3926 ne
411 3861 478 3947 ipsi
499 3853 634 3942 quidem
655 3849 837 3913 daemones
857 3866 1015 3932 umquam
1034 3860 1114 3911 eunt
1126 3853 1209 3914 ansi.
1253 3847 1317 3913 No's

97 4001 101 4010 ·
223 3989 305 4032 vero
322 3955 562 4049 optaramus-id
583 3951 787 4016 testimoniis
801 3947 923 4011 melius
937 3949 1213 4038 comprobatum.)
1242 3947 1317 4013 Cres

184 4126 187 4136 ,
223 4070 313 4134 ditur
330 4067 441 4143 etiam,
464 4037 703 4125 nonnulloium
718 4051 860 4131 dictum,
884 4048 973 4135 quod
987 4049 1194 4116 Christianus
1207 4051 1315 4125 luerit,

222 4159 316 4240 haud
330 4163 465 4235 aliunde
481 4173 606 4240 uatum,
623 4169 723 4248 quam
738 4172 782 4218 ex
791 4150 1026 4228 aerboSaiduae
1036 4155 1126 4221 male
1137 4155 1314 4228 intellecto,
1330 4136 1337 4149 '
