2742 4742
195 458 339 520 'exxxru
403 466 483 521 soc
532 432 739 520 'runo'
793 459 1094 516 narrart

60 646 63 655 ·
101 681 103 690 ,
196 584 260 682 ult.
286 634 330 679 ex
349 625 464 677 mente
486 610 637 679 Solaui
660 609 922 699 dispescuimus,
944 584 1212 695 ne‘opus‘esset
1234 606 1328 671 sin-

200 720 293 803 gulas
305 715 532 797 adlegationes
545 728 694 795 mutare,
717 712 806 801 quod
820 713 858 777 in
874 713 919 777 iis
937 715 1047 776 facere
1064 713 1167 775 coacti
1181 730 1327 789 snmus,

201 838 287 907 quae
302 826 431 905 partem
443 818 537 881 illam
549 818 698 904 priorem
713 816 930 903 spectabant,
953 813 1102 898 exceptis
1116 815 1233 875 forsan
1248 814 1330 875 ali-

202 930 285 1005 quot
294 918 375 984 locis
390 938 450 1003 per
470 919 725 983 festinationem
744 928 875 982 mutere
896 916 1077 997 neglectis,
1099 932 1184 1001 quoe
1205 914 1327 979 lector

29 1074 40 1091 .
128 1086 134 1097 ,
200 1032 318 1087 tamen
335 1022 404 1086 hnc.
412 1020 543 1087 ratione
564 984 712 1083 indicata
725 1019 857 1083 facilins
876 1017 1041 1081 inueniet.

288 1222 332 1307 111
342 1222 436 1289 hisce
448 1236 561 1291 tamen
575 1218 744 1288 interdum
751 1224 942 1286 sublevatus
951 1225 1025 1286 sum*
1037 1226 1202 1302 juvenum
1214 1212 1329 1309 prae·

204 1326 487 1393 stantiesimorum
517 1346 636 1411 opera,
682 1327 830 1409 primum
868 1322 1093 1387 Theodori
1135 1321 1330 1387 Woerta

204 1448 240 1497 m
249 1451 267 1493 a
277 1448 331 1493 nu
340 1436 361 1508 ι’,
385 1407 442 1513 qui
456 1426 538 1491 olim
552 1426 717 1509 gymnasii
730 1426 839 1490 nostri
852 1427 1069 1513 coryphaeus,
1082 1429 1150 1505 jam
1163 1426 1202 1486 in
1219 1443 1330 1486 cans-

205 1548 319 1595 sarum
333 1525 483 1617 patronis
499 1528 663 1593 eximium
675 1538 771 1591 tenet
790 1528 918 1607 locum,
941 1524 1145 1615 procedente
1160 1537 1328 1611 tempore

84 1652 93 1664 ⁵
205 1631 393 1717 principem
409 1616 511 1694 etiam
529 1630 738 1693 obtenturus.
772 1626 853 1691 'Hoc
872 1649 955 1692 uero
977 1628 1330 1709 grauioribusnego-

207 1732 267 1797 tiis
289 1744 449 1819 occupato
461 1728 552 1793 idem
568 1730 731 1794 auxilium
751 1730 839 1793 mihi
861 1732 998 1815 partitis·
1018 1728 1147 1793 vicibus
1165 1730 1328 1812 praesti-

208 1842 282 1897 tere
304 1830 527 1915 Regnerus
550 1830 768 1915 ilenricus
790 1829 984 1909 Siblirilr,
1014 1832 1094 1894 etis
1111 1827 1201 1893 Juris
1219 1826 1329 1892 Doc-

210 1942 267 1997 tor
283 1950 327 1999 ex
338 1936 469 1999 meritis
490 1955 597 2021 nuper
610 1935 840 2013 renuntiatus,
863 1952 924 1995 nec
942 1952 1011 1995 non
1030 1930 1215 1995 iacchus
1240 1930 1332 1995 Go-

130 2080 135 2090 ι
209 2034 323 2113 bins,
346 2034 466 2099 eodem
485 2034 614 2099 honore
630 2038 726 2101 breui
747 2040 862 2100 forsan
875 2032 1079 2097 mactandus.
1123 2018 1184 2096 llis
1201 2033 1329 2119 itaque

211 2131 384 2220 discipulis
404 2137 485 2201 olim
499 2137 667 2222 primariis
689 2160 726 2202 ac
749 2135 968 2215 dulcissimis,
999 2135 1089 2198 nunc
1109 2134 1225 2199 amicis
1253 2156 1334 2221 op-

209 2236 322 2317 timis,
343 2238 408 2303 hoc
426 2239 564 2303 nomine
585 2227 725 2323 quantes
748 2258 885 2328 possum
911 2238 1036 2321 gratim
1056 2256 1130 2317 ago.

296 2437 350 2503 Ex
372 2443 449 2505 clar.
471 2438 590 2506 Joan.
612 2440 755 2506 Jensii
776 2440 993 2506 Lectionibus
1015 2439 1197 2507 Lucicneis
1218 2443 1333 2506 inse-

109 2630 111 2636 Ι
210 2542 265 2607 rui
279 2541 414 2623 omnia,
431 2544 569 2607 resectis
581 2554 715 2607 tantum
728 2545 842 2631 paucis
863 2544 1115 2612 excursionibus
1130 2542 1173 2608 ed
1193 2544 1333 2608 Lucia-

83 2664 99 2683 ·
211 2666 284 2705 num
300 2662 369 2705 non
385 2644 486 2729 plane
501 2643 747 2731 spectantibus,
770 2656 868 2731 atque
884 2643 922 2709 in
940 2642 1176 2729 compendium
1197 2637 1333 2713 redac-

202 2743 257 2808 ‘tis
272 2744 406 2807 Deciani
419 2748 530 2811 uerbis
546 2748 587 2826 ab
605 2766 646 2811 eo
663 2747 815 2828 longiore
834 2745 921 2821 serie
941 2744 1126 2830 productis,
1150 2770 1238 2835 quae
1259 2774 1333 2815 re-

211 2848 285 2934 peti
309 2848 395 2911 nihil
408 2868 499 2933 opus
522 2863 610 2927 erat,
643 2870 718 2934 curn
736 2850 850 2913 textui
868 2844 1040 2911 Lucianeo
1060 2852 1128 2927 jam
1149 2852 1333 2930 subjectae

92 3028 98 3033 “
197 2948 281 3037 sint
295 2950 374 3013 illae
387 2949 655 3030 observationes,
678 2970 802 3035 exque
820 2968 927 3012 nexus
947 2945 1137 3014 uerborrim·
1147 2952 1217 3037 peti
1235 2972 1334 3041 pot-

209 3062 272 3117 sst.
324 3050 369 3115 Ut
390 3062 503 3117 eutem
525 3053 692 3133 egregiam
713 3051 806 3113 illius
826 3044 875 3112 de'
890 3070 946 3112 me
971 3048 1098 3133 optime
1115 3053 1230 3116 meriti
1253 3058 1334 3123 riri

209 3153 248 3219 in
265 3152 405 3215 Lucieno
427 3152 643 3215 emaculando
661 3171 797 3237 operam
814 3153 925 3232 magni
944 3152 1047 3231 facio,
1075 3151 1331 3243 literarumque

167 3324 171 3337 ¹
208 3255 367 3340 peritiam
389 3256 427 3317 in
451 3257 694 3335 eajuuentute‚
717 3274 780 3337 qua
801 3252 876 3315 illas
893 3250 1003 3317 Lectt.
1017 3252 1229 3339 conscripsit,
1254 3256 1335 3322 ad.

210 3356 332 3438 miror,
347 3355 394 3423 ita
407 3356 481 3439 ipse
499 3376 567 3417 non
584 3373 681 3435 aegre
694 3357 798 3433 feret,
812 3356 870 3417 ubi
885 3352 936 3418 his
947 3366 1042 3420 terre
1059 3368 1171 3421 temen
1188 3355 1333 3443 abipso

92 3474 100 3489 ·
211 3455 419 3536 dissensero,
430 3455 490 3520 sed
501 3461 575 3538 pari
585 3456 797 3521 humanitate
813 3456 900 3522 mihi
914 3470 949 3521 et
964 3458 1045 3522 alibi
1059 3478 1119 3547 per
1129 3458 1334 3526 festinatio.

210 3576 291 3627 nem
300 3562 394 3647 lapso
407 3561 567 3639 ignoscet.
642 3656 646 3667 Ι

186 3796 187 3801 ’
292 3762 516 3835 variantium*
532 3774 644 3831 autem
664 3760 868 3831 Lectionum
891 3776 942 3832 sat
961 3769 1110 3854 amplum
1132 3756 1337 3850 catalogum

207 3871 250 3937 eh
272 3868 426 3935 Solane
448 3864 773 3945 ined.1ununcm‚
803 3880 959 3954 utsupra
986 3860 1129 3946 monui,
1148 3868 1334 3954 collatum,

207 3980 317 4037 totum
332 3968 517 4035 describere
530 3970 714 4056 lectorique
727 3970 909 4050 exhibere,
931 3962 1101 4057 interdum
1122 3988 1156 4036 et
1175 3975 1260 4037 elias
1279 3980 1334 4041 ah

209 4090 249 4138 to
267 4072 406 4136 omissae
420 4067 562 4150 addere,
586 4090 655 4135 non
668 4091 742 4135 sum
756 4072 901 4152 ueritus,
924 4084 962 4133 ut
977 4072 1170 4158 adpareret,
1193 4074 1336 4163 quanta

135 4242 140 4247 ,
205 4168 382 4259 ,tingentur
397 4168 586 4241 editionum
599 4170 817 4260 codicemque
835 4176 969 4241 collatio
983 4176 1029 4245 sit
1040 4177 1207 4243 instituta.
1252 4174 1338 4242 In·-
