2742 4742
148 421 645 486 scarrrrsour
682 397 1014 489 'socrate
1056 433 1150 482 xcrn

35 575 162 642 lernaei
188 569 425 659 Philopatoris,
448 593 533 658 quae
547 571 696 658 coeperit
711 583 847 637 centum
858 576 957 638 annis
970 588 1047 660 poet
1060 577 1152 664 ,dle-

36 677 162 744 xandri
176 685 338 752 mortem,
362 669 511 760 adeoque
525 673 667 759 Apelles
682 674 719 737 in
732 673 823 754 rirg’s
838 654 911 740 esse
933 697 1004 740 non
1024 692 1152 764 potue-

39 787 92 846 rit.
140 777 343 846 confudisse
357 779 459 860 igitur
480 776 651 840 existimat
670 773 848 862 quemdam
871 779 1152 866 conspirationem
1192 774 1200 817 3

38 885 99 946 sub
131 880 332 946 Ptolemaeo
366 875 607 963 Philadelpho,
645 899 722 942 cum
754 876 946 962 proditione
972 879 1153 964 Theodoti,

37 982 130 1072 quod
143 995 181 1048 et
194 983 284 1046 mibi
297 978 389 1046 haud
400 978 622 1068 improbabile
635 976 778 1046 ridetur.

123 1187 250 1252 IDEM
267 1185 343 1252 ibid.
357 1208 390 1272 p.
410 1187 484 1256 663.
498 1181 551 1248 tit.
568 1179 824 1272 Brutumne,
847 1188 1015 1267 observat,
1035 1182 1155 1252 Incis-
1240 1174 1242 1187 '

40 1317 108 1354 aem
139 1293 265 1362 luorum
293 1307 367 1351 sese
397 1282 567 1368 cremandi
587 1285 793 1372 intrepidum
822 1307 952 1383 morem
983 1309 1154 1378 opponere

39 1389 146 1456 morti
168 1388 357 1470 Peregrini,
387 1385 516 1450 medias
538 1385 576 1448 in
595 1387 748 1450 flammas
767 1388 879 1454 subito
892 1391 1094 1472 insilientis,
1115 1413 1154 1456 ac

41 1495 133 1556 velle
150 1487 350 1556 methodum
364 1486 628 1566 Brachmanum,
651 1491 710 1572 qui
730 1510 806 1554 sese
819 1495 980 1572 tenebant
993 1493 1156 1557 immobi-

41 1597 109 1674 les,
134 1591 216 1656 dum
228 1591 309 1674 igne
323 1599 529 1666 assarentur,
551 1591 658 1652 mutto
675 1610 750 1654 esse
764 1593 1010 1674 gloriosiorem,
1032 1610 1156 1681 super-

44 1715 109 1781 que
131 1693 188 1756 his
215 1691 248 1754 Β
255 1717 274 1754 o
279 1691 392 1778 ylius
417 1692 465 1754 ila
486 1685 629 1769 judicat:
657 1687 736 1754 Eece
757 1695 907 1780 quomodo
927 1697 1016 1760 homo
1039 1696 1155 1760 derisor·

47 1799 152 1856 onmia
168 1817 287 1879 ωψσε
303 1797 395 1856 nord.
440 1791 477 1854 Si
489 1793 670 1873 Peregrinus
683 1797 757 1858 istos
769 1794 963 1882 philosophos
976 1797 1070 1862 Indos
1084 1819 1159 1864 esset

50 1903 194 1978 imitatus,
244 1893 457 1960 Lucienus
489 1917 555 1957 eura
580 1891 753 1958 odeusosser
778 1900 917 1977 inertiae,
953 1923 993 1962 oe
1015 1898 1155 1981 dirimet,

50 2001 169 2086 pacisci
186 2020 261 2064 cum
277 2007 386 2062 morta
406 1994 557 2080 quaerit,
579 2014 618 2058 ao
633 2000 759 2064 sensim
776 2002 967 2086 sensimque
981 2022 1017 2066 se
1032 2006 1160 2066 confir*
1255 2072 1261 2091 .

55 2120 146 2164 mare
160 2097 290 2164 studet:
312 2097 389 2183 plus
403 2095 495 2160 enim
508 2094 612 2160 animi
627 2095 838 2182 ostenderet,
859 2103 918 2166 ubi
931 2121 967 2166 se
990 2123 1058 2171 uno
1073 2105 1171 2186 saltu.

57 2201 93 2262 in
109 2195 219 2282 rogim
237 2199 428 2282 conjiceret.

137 2405 188 2472 At
208 2403 349 2487 justius,
378 2401 553 2486 ingeniose
573 2403 688 2492 Boylr',
715 2409 830 2472 ioman
856 2374 1037 2489 objiceres,
1073 2407 1162 2496 quod

53 2505 211 2573 eumdem
223 2505 335 2570 subito
343 2505 381 2568 in
395 2506 509 2586 ignem
521 2507 697 2572 insiliendi
710 2520 822 2574 ectum
834 2509 960 2590 laudet,
974 2533 1012 2575 ac
1025 2529 1164 2591 genero.
1248 2539 1254 2548 ·

53 2613 83 2674 si
97 2609 204 2673 animi
219 2627 294 2672 esse
312 2605 482 2692 praedicet
493 2630 549 2690 pro
564 2609 701 2675 Meroe&
718 2609 813 2673 Consi.
835 2613 862 2692 l.
885 2617 916 2680 4.
940 2609 1021 2678 §geio
1041 2613 1169 2695 alpem

54 2708 196 2794 εὐψύχως
212 2713 241 2786 ἐς
255 2706 289 2775 ri
306 2714 368 2790 πῦρ
385 2703 558 2790 ἰλλόμενος.
581 2710 649 2777 Sed
667 2725 703 2778 et
720 2713 805 2776 haec
819 2713 958 2793 ironice,
974 2703 1009 2777 dt
1025 2715 1164 2777 alterius
1279 2777 1282 2790 ,

56 2816 288 2880 nominatum
310 2809 417 2891 dicat,
439 2812 524 2876 mihi
542 2833 610 2876 uon
623 2811 972 2879 videntnrcontraris.
1016 2813 1165 2901 Cumque
1249 2863 1253 2874 ,

55 2931 92 2983 et
104 2915 353 2980 Brachmanum
364 2911 585 2996 dementiam,
604 2926 638 2979 et
653 2913 826 2997 Peregrini
837 2935 944 3002 aeque
956 2915 1074 2997 rideat,
1096 2937 1167 2982 om·

59 3019 145 3081 nino
159 3017 254 3080 licuit
267 3017 302 3078 ei
317 3013 448 3095 dicere,
475 3013 701 3080 Brachmanes
716 3037 791 3104 esse
803 3017 977 3082 fortiores:
1006 3019 1035 3081 si
1053 3033 1168 3084 tamen
1220 3076 1225 3093 ,

58 3139 102 3183 ee
117 3139 214 3182 mens
229 3129 282 3184 est
295 3115 407 3202 Baylr'i,
431 3108 618 3201 oportuisse
639 3115 814 3190 Lucienus
833 3115 871 3180 in
889 3117 1062 3202 Peregrini
1079 3125 1169 3184 facto
1236 3152 1239 3159 v

57 3217 282 3308 improbando
303 3220 482 3283 subsistere
495 3219 584 3282 intra
599 3238 707 3282 vanae
725 3219 851 3300 gloriae
864 3225 1169 3308 exprobrationem,

61 3345 135 3387 non
161 3343 243 3386 vero
264 3305 448 3385 extenuare
470 3320 620 3399 ejusdem
649 3318 822 3388 audaciam
846 3335 906 3390 aut
925 3323 1170 3404 tortitudinem,

65 3437 180 3490 eontra
193 3423 387 3502 ueritatem,
409 3433 499 3486 recte
511 3419 681 3502 judicarit.

148 3626 191 3694 n.
212 3627 478 3692 Truurrtorrrus
495 3625 533 3692 in
545 3623 632 3692 Hist.
647 3625 893 3718 Imperatorum
910 3631 951 3698 Τ.
970 3589 1017 3695 ΙΙ.
1038 3642 1124 3717 part.
1138 3639 1175 3700 2.

64 3745 130 3801 ert.
145 3738 198 3800 29.
214 3753 248 3816 p.
263 3733 385 3808 701-
401 3734 451 3794 10.
478 3733 570 3808 cujus
584 3733 688 3796 rerba
700 3730 748 3798 sie
763 3745 876 3800 verto:
899 3729 1015 3798 Celsus
1025 3733 1174 3820 philoso-

63 3837 155 3926 phus
171 3833 372 3926 Epicureus,
399 3833 471 3918 (qui
486 3830 668 3897 Ecclesiam
683 3835 815 3924 scriptis
828 3855 1019 3924 oppugnare
1035 3832 1177 3918 adgres-
1233 3842 1238 3852 '

64 3959 127 4004 sus
141 3945 204 4014 est}
229 3933 381 4020 tempore
397 3931 571 3998 Commodi
584 3931 693 4020 adhuc
704 3937 852 4018 virebat,
864 3957 970 4024 aeque
984 3958 1021 4002 ac
1042 3937 1177 4004 Lucta-
1290 3991 1302 4024 Ι

64 4062 153 4120 rus,
184 4038 243 4125 qui
267 4036 309 4099 ad
333 4056 410 4099 eum
433 4048 509 4124 post
531 4037 666 4102 Aurelii
693 4045 867 4128 extessum
889 4039 983 4102 misit
1000 4041 1178 4105 historiam

62 4139 262 4211 Alexandri
275 4139 480 4226 impostoris,
494 4159 595 4226 quam
610 4143 683 4224 ejus
694 4152 812 4222 rogatu
828 4143 1079 4231 conscripserat.
1092 4137 1178 4226 (rid.
