2742 4742
160 423 651 486 scrtrr'rtsuou
703 383 1210 501 auersanbxvn

81 575 308 658 Aristophanem,
332 565 418 640 licet
430 579 464 634 et
478 571 559 634 alibi
573 569 709 660 prodat,
722 579 769 636 'ae
783 552 895 654 magni
911 555 1025 663 facere·
1036 553 1160 648 ritum.

81 678 212 742 Ceterum
225 677 281 740 vel
293 675 418 738 millies
432 669 578 770 diodone
594 678 700 738 utitur
713 674 887 754 Homerica,
897 673 992 764 quod,
1002 689 1063 743 nec
1079 673 1162 769 opus

80 782 129 842 erit
138 780 313 842 monuisse.
326 773 455 860 *Itaque
471 792 669 862 quamquam
686 780 832 843 nonfuit
847 782 985 842 natione
1003 778 1161 864 Graecus,

81 883 194 962 ingenio
210 901 287 960 suo,
309 893 482 964 tempore,
505 886 605 961 atque
621 877 772 943 Athenis
782 881 966 959 versando,
989 881 1163 949 Atticismi
1195 929 1201 955 .

81 985 191 1066 lepores
212 985 277 1046 sibi
299 984 346 1044 ita
360 977 505 1046 reddidit
526 977 730 1062 familiares,
754 971 868 1044 ut¹rel
890 981 1096 1050 commodius
1121 1009 1163 1054 eo
1205 1042 1209 1048 .

81 1081 218 1148 idiomate
231 1085 337 1147 rerba
350 1086 486 1160 faceret,
509 1101 608 1164 quam
624 1083 672 1161 hi,
696 1086 752 1170 qui
771 1083 808 1146 in
826 1083 940 1148 Attica
967 1101 1063 1150 erant
1082 1091 1173 1152 nati-t

81 1184 158 1265 Ter,
169 1199 285 1273 quater
296 1193 427 1247 tantum
440 1173 587 1262 frigidos
611 1187 683 1282 ejus
710 1187 802 1263 jocos
825 1190 993 1273 improbat
1014 1210 1165 1255 summus
1223 1273 1224 1276 Ἴ

82 1290 253 1374 ceteroquin
267 1290 339 1366 ejus
354 1281 533 1348 admirator
554 1287 808 1373 Herennianus,
831 1295 923 1370 cujus
941 1289 1066 1369 judicio
1089 1297 1172 1380 plus

81 1389 181 1469 tribuo,
189 1409 293 1486 qnam
309 1385 526 1450 decemaliiar
549 1408 684 1470 aeaego
695 1387 875 1454 Liuianum
888 1413 1068 1479 numquam
1083 1393 1168 1458 dor·
1191 1411 1203 1424 ·
1220 1385 1224 1388 ⁴

83 1492 182 1553 mitsre
195 1491 332 1571 dixero3
354 1501 481 1568 tamen,
497 1491 573 1576 quia
586 1493 685 1555 facile
697 1513 733 1557 se
747 1496 816 1577 pati
831 1497 867 1556 in
882 1515 941 1557 sua
956 1497 1167 1580 praefatione

83 1591 161 1673 dixit,
182 1595 317 1656 Luciani
330 1590 562 1655 defensionem
577 1593 718 1678 suscipi,
741 1591 925 1657 videndum
939 1591 1076 1677 censeo}
1100 1620 1168 1663 an·-
1199 1635 1202 1638 ⁴

85 1715 128 1772 ne,
140 1693 322 1781 ·quando'in
339 1697 458 1755 Timon.
477 1715 503 1754 c.
521 1699 572 1760 52.
588 1696 689 1757 nimis
705 1698 905 1759 adfectatam
921 1699 1015 1762 illam
1030 1694 1168 1766 blandi-

87 1797 152 1860 tiam
170 1798 389 1883 praetermitti
410 1797 560 1882 potuisse
580 1797 621 1858 ab
641 1793 784 1858 Lucieno
809 1797 872 1876 nit,
895 1794 1007 1864 studio
1028 1801 1168 1884 frigidos

88 1897 245 1964 adulatoris
256 1901 343 1966 sales
357 1898 568 1986 proposuerit
583 1896 750 1975 Lucienus,
774 1920 840 1991 quo
856 1903 1077 1984 parasitorum
1088 1925 1170 1966 rno-
1204 1937 1212 1964 ι

88 2021 130 2062 res
140 2021 175 2064 eo
188 1999 397 2068 absurdiores
415 2011 635 2086 proponeret,
659 2011 694 2060 et
710 2001 787 2086 quia
809 1997 1038 2066 adsentatores
1060 2005 1171 2094 pleri-
1255 2070 1261 2082 ,
1284 2035 1289 2054 ·

92 2121 181 2184 quera
195 2123 275 2166 vera
287 2105 372 2168 tales
385 2122 460 2166 esse
477 2103 605 2184 soient3
628 2103 685 2186 qui
703 2099 766 2162 etsi
781 2100 946 2173 acutiores
959 2108 1049 2183 jocos
1067 2108 1171 2171 etiam
1198 2086 1203 2098 ⁸

91 2207 373 2284 proferunt‚tamen
387 2226 467 2290 prae
485 2203 747 2266 dicacitate‘non
764 2215 904 2288 possunt
921 2205 1003 2290 quin
1020 2219 1054 2270 et
1069 2191 1171 2290 frigi-

89 2299 145 2383 dos,
163 2308 364 2372 etiamsi'rel
380 2306 641 2386 ingeniosissimi
658 2318 781 2368 essent.
827 2302 923 2380 conf.
943 2305 1031 2370 Dial.
1050 2307 1170 2370 Parasi·

85 2409 105 2465 ti
116 2407 163 2470 lin.
185 2409 240 2474 ubi
261 2410 387 2479 similia
411 2405 552 2478 absurda
572 2411 765 2473 tribuuntur
775 2410 941 2494 parasitis,
964 2420 1003 2471 ut
1017 2409 1066 2473 ibi
1080 2429 1173 2493 putt-
1233 2457 1238 2464 -

85 2505 123 2570 cis
134 2507 285 2578 indicati·
352 2571 355 2579 .

154 2715 287 2782 Nullam
314 2737 391 2782 eom
409 2715 607 2800 religionem
630 2719 819 2802 professum
834 2715 959 2795 fuisse,
980 2736 1024 2779 ex
1046 2715 1172 2778 Danaa.

85 2818 450 2888 ι.5τιίιΤ1ῑ1ιηιοιιιῑιιι.
495 2815 593 2882 Unde
612 2831 646 2882 et
668 2819 727 2880 ahi
740 2815 956 2882 'ltheisrnum
975 2823 1046 2896 eiua
1064 2815 1179 2899 dedu

84 2896 273 2984 suntsed
296 2924 421 2986 existo
439 2899 577 2986 Larinati
587 2921 662 2983 loco
680 2921 768 2984 nitrit
782 2919 874 2982 eliud
890 2921 1054 2999 conficias,
1076 2941 1179 3006 quam

83 3041 151 3086 earn
173 3023 411 3110 philosophum
439 3025 545 3088 fuisse
576 3024 790 3101 eclecticutn,
827 3032 865 3084 ut
888 3009 990 3086 hodie
1016 3021 1178 3086 dicimus·

84 3144 174 3207 quare
187 3123 387 3188 Atheiamus
404 3128 476 3205 ejus
490 3146 535 3188 ex
550 3125 626 3188 aliis
643 3125 756 3212 potius
768 3123 860 3215 locis,
883 3125 941 3187 vel
957 3146 1011 3189 ex
1016 3138 1088 3189 toto
1106 3115 1179 3206 ejus

82 3223 262 3290 libellorum
283 3227 401 3290 habitu
425 3225 640 3292 deducendus
661 3231 768 3305 foret,
800 3247 900 3310 quern
924 3241 1038 3293 tamen
1054 3227 1085 3289 ei
1109 3247 1180 3290 non
1232 3251 1235 3255 ·

84 3317 329 3412 impingendum
353 3315 445 3420 idem
469 3327 679 3392 Tillemoutius
698 3341 732 3391 et
757 3332 1003 3410 Hoogrtratanur
1026 3341 1179 3405 monent,

84 3431 151 3511 quia
167 3413 385 3494 Atheismum
402 3449 568 3514 nusquam
585 3429 709 3495 diserte
725 3432 930 3516 profiteatur
963 3431 1049 3494 11111ιί
1065 3443 1181 3492 tamen

84 3525 134 3590 diu
151 3543 322 3616 suspectus
339 3530 405 3594 fuit
428 3531 619 3612 Atbeisrni‚
641 3544 715 3597 tum
737 3555 780 3595 ex
798 3533 986 3595 charactere
1010 3531 1181 3606 lasciviae,

85 3650 176 3712 quem
201 3635 254 3696 bis
277 3632 410 3696 miseris
441 3633 513 3696 fere
538 3636 710 3718 proprium
737 3655 831 3712 osse,
862 3645 953 3696 recte
975 3629 1156 3708 Bentleiar
1145 3654 1185 3693 ru
1268 3654 1275 3686 ι

83 3731 267 3815 Fripoanerr'e
282 3732 402 3818 Larque
417 3735 595 3815 observat
593 3735 732 3824 aliique
752 3756 852 3821 saepe
868 3745 1090 3814 monuerunt
1109 3745 1185 3796 tum

85 3853 125 3896 ex
141 3839 243 3900 nimio
259 3838 375 3900 omnia
394 3833 530 3903 ridendi
557 3785 688 3918 81111ος
715 3851 787 3917 tum
805 3835 895 3922 quod
909 3847 943 3896 et
959 3838 1090 3900 anintae
1113 3829 1185 3898 r'm-

83 3941 317 4003 mortalitatem
342 3937 460 4001 rideat.
513 3935 643 4002 Verum
676 3951 743 4018 est,
772 3962 841 4001 non
866 3957 998 4054 semper
1010 3937 1189 4017 sufficere,
1244 3947 1247 3950 ’

83 4035 241 4104 vitiorum
257 4053 387 4104 tantum
408 4037 654 4125 turpitudinem
670 4060 929 4153 proponere,
894 4041 958 4102 nisi
976 4052 1009 4101 et
1022 4042 1188 4103 virtutum

33 4215 34 4218 Ἴ
83 4137 218 4203 laudem
234 4141 375 4259 subinde
391 4139 511 4206 addas:
540 4163 619 4242 narn
636 4155 674 4206 ut
690 4140 850 4208 avaritiae
870 4141 995 4221 sordes,
1018 4143 1190 4205 ebrietatis

33 4243 35 4252 .
925 4235 984 4296 ‘2
1046 4237 1049 4242 ,
